2852 4878
216 345 269 420 Μ.
293 343 336 418 A.
364 343 548 420 LUCANI
570 341 722 418 VITAE
746 343 930 424 FRAGM.
1004 362 1048 420 rx

86 506 449 601 inlatrinispublicis,
468 505 614 578 clariore
628 497 779 600 strepitu
794 504 930 578 ventris
940 503 1048 578 emis·

85 641 139 705 so,
160 615 427 688 hemistichium
448 616 617 704 Neronis,
643 641 772 716 magna
799 639 1046 692 consessorum

84 726 162 826 fuga
175 725 437 821 pronuntiarit,
454 725 520 798 Sub
535 729 631 798 terris
645 732 785 800 tonuisse
797 748 903 829 putes.
922 725 996 800 Sed
1011 745 1048 802 et

86 835 218 909 famoso
235 834 391 908 carmine
412 858 496 908 cum
513 836 659 934 ipsums
679 856 759 910 tum
781 837 1049 934 potentissimos
1136 885 1140 892 ·

84 945 301 1034 amicorum,
325 943 523 1046 gravissime
545 945 726 1041 proscidit.
755 947 814 1018 Ad
840 963 1048 1018 extremum

84 1077 197 1148 paene
221 1053 364 1155 signifer
382 1053 589 1132 Pisonianae
614 1054 871 1128 coniurationis
891 1054 1047 1126 eirstitits

83 1165 217 1234 multus
226 1163 264 1234 in
276 1163 386 1262 gloria
401 1164 706 1258 tyrannicidarum
718 1165 835 1258 palam
848 1161 1050 1256 praedican·

85 1273 149 1364 da,
171 1297 214 1346 ac
233 1275 363 1368 plenus
375 1275 573 1360 minarum3
597 1299 712 1368 usque
726 1299 770 1346 eo
786 1273 1049 1366 intemperans,

84 1393 125 1450 ut
146 1379 300 1452 Caesaris
321 1397 429 1476 caput
449 1380 620 1476 proximo
643 1381 776 1477 cuique
796 1381 950 1454 iactaret.
973 1379 1051 1452 Ve-

84 1512 184 1577 rum,
212 1490 355 1562 detecta
378 1474 647 1581 coniuiatione.,
679 1515 912 1587 nequaquam
936 1486 1049 1560 animi

83 1600 316 1672 constantiam
336 1599 519 1694 praestitit.
541 1601 658 1674 Facile
676 1601 774 1673 enirn
789 1597 991 1688 confessus,
1011 1613 1050 1670 et

83 1711 127 1783 ad
140 1709 358 1784 humillimas
372 1708 564 1784 devolutus
572 1734 709 1805 preces,
728 1727 880 1782 matrem
895 1733 1049 1804 quoque

83 1827 267 1900 innoxiam
278 1826 371 1896 inter
382 1823 497 1896 socios
510 1822 732 1910 nominavit3
745 1844 900 1917 sperans,
918 1820 1050 1916 impie·

83 1955 188 2012 tatem
209 1939 278 2012 sibi
299 1935 395 2034 apud
418 1934 631 2032 parricidam
649 1935 855 2028 Principem
877 1932 1049 2026 profutu·

14 2117 15 2120 ,
82 2075 166 2122 ram.
181 2043 381 2143 impetrato
393 2057 518 2124 autem
532 2046 657 2120 mortis
669 2047 787 2120 libero
800 2045 970 2134 arbitrio,
987 2069 1048 2118 co·

14 2145 15 2196 3
83 2160 217 2231 dicillos
237 2158 283 2228 ad
294 2175 432 2252 patrem
447 2157 493 2228 de
506 2155 723 2256 corrigendis
736 2153 956 2250 quibusdam
973 2177 1051 2227 ver·

83 2269 175 2340 sibus
190 2268 260 2342 suis
273 2267 447 2341 exaravit:
475 2267 712 2360 epulaturque
726 2265 896 2363 largiter,'
906 2264 1055 2340 brachia·

84 2379 127 2452 ad
145 2378 312 2452 secandas
325 2403 432 2451 venas
446 2378 590 2452 medico
604 2377 781 2474 praebuit.
794 2376 1048 2460 Poemataeius

85 2489 231 2588 praelegi
246 2489 416 2576 memini3
429 2489 558 2562 confici
571 2513 656 2564 vero
670 2513 711 2560 ac
723 2488 861 2560 venalia
874 2487 1046 2582 proponi,

84 2621 155 2672 non
179 2613 327 2674 tantum
354 2619 502 2696 operose
529 2621 568 2670 ac
597 2596 808 2704 diiigenter,
834 2595 897 2670 sed
924 2598 1047 2692 inepte

86 2702 241 2807 quoque.
278 2721 280 2725 '
