2852 4878
346 369 778 440 nuntianter.
1003 393 1043 438 aa

88 515 170 577 Tum
178 515 347 597 pecudum
360 513 473 596 labiim
487 515 635 578 bumana
648 515 691 576 ad
705 533 879 582 murmura
891 515 1043 607 impiae,

87 619 325 702 Monstrosique
333 616 509 684 bonrinum
516 619 644 700 partus,
659 639 865 702 numeroque
875 622 1043 704 modoque

88 727 328 802 Membrorum3
342 724 633 804 matremquesuus
644 723 824 789 contenuit
833 724 961 790 infans=
989 755 995 770 ·

89 833 231 916 Diraque
242 855 303 918 per
322 835 485 917 poputum
504 836 672 898 Cumanae
687 831 835 898 carmina
852 834 936 898 vatis

20 991 21 1004 ,
89 941 284 1025 vulgantur.
301 940 400 1018 Tum,
416 957 500 1018 quos
510 938 604 1002 sectis
622 941 756 1002 Bellona
769 940 901 1003 lacertis

90 1043 187 1106 Saeva
205 1053 333 1125 movet,
346 1043 493 1108 cecinere
511 1045 615 1106 Deos:
634 1043 827 1124 crinemque
839 1055 984 1112 rotantes

92 1151 312 1238 Sanguineum
328 1151 461 1242 populis
480 1153 650 1216 ulularunt
670 1153 773 1216 tristia
792 1153 889 1218 Galli.

93 1259 286 1344 Compositis
303 1261 422 1343 plenae
434 1270 631 1347 gemuerunt
643 1261 770 1326 ossibus
787 1276 903 1324 urnae.

92 1362 172 1424 Tum
190 1361 304 1452 fragor
319 1345 505 1446 armorum,
518 1381 723 1451 magnaeque
733 1383 797 1446 per
807 1361 884 1434 avia
897 1380 993 1424 voces

93 1463 226 1528 Auditae
235 1486 427 1532 nemorum:
444 1479 475 1530 et
488 1467 657 1532 venientes
674 1465 860 1532 comminus
875 1467 1025 1530 umbrae.

93 1569 222 1653 Quique
236 1574 349 1636 colunt
360 1573 489 1638 iunctos
499 1572 655 1638 extremis
664 1570 838 1636 moenibus
848 1589 963 1658 agros,

93 1669 293 1760 Diffugiunt:
306 1676 422 1762 ingens
431 1680 556 1744 Urbem
572 1675 724 1764 cingebat
739 1674 900 1759 Ednnys,

17 1803 18 1820 π
92 1775 264 1840 Excutiens
276 1798 416 1860 pronam
433 1779 586 1866 flagranti
601 1778 723 1844 vertice
739 1777 877 1861 pinum,
982 1823 988 1836 .-
1005 1823 1008 1830 .

92 1875 472 1962 Stridentesque-eomas:
490 1883 683 1944 Thebanam
696 1879 803 1962 qualis
818 1884 954 1968 Agaven

93 1985 241 2068 Impulit,
258 1996 315 2048 aut
334 1985 424 2055 saeui
437 1987 594 2052 contorsit
612 1990 677 2052 tela
694 1987 841 2075 Lycurgi

92 2090 261 2170 Eumenis;
279 2101 337 2154 aut
355 2095 488 2173 qualem
507 2093 595 2158 iussu
616 2093 752 2166 lunonis
770 2091 906 2174 iniquae
987 2093 1047 2172 576

94 2195 227 2258 Horruit
237 2195 383 2278 Alcides,
403 2196 474 2260 viso
484 2195 552 2260 iam
570 2195 663 2280 Dite,
677 2199 876 2284 Megaeram.

93 2300 269 2365 Insonuere
286 2304 403 2384 tubae,
420 2313 453 2366 et
471 2311 594 2384 quanto
608 2304 753 2372 clamore
768 2305 918 2366 cobortes

95 2403 285 2490 Mineruam,
303 2415 431 2470 tantum
447 2425 514 2468 nox
528 2415 614 2489 atra,
630 2405 804 2471 silentibus
822 2407 927 2492 auris,

95 2510 219 2574 Edidit:
237 2521 270 2574 et
285 2509 398 2578 medic
414 2511 477 2574 visi
496 2532 693 2599 consurgere
709 2515 837 2596 Campo

15 2621 16 2628 ’
95 2613 209 2676 Tristia
219 2614 348 2678 Sullani
359 2615 507 2683 cecinere
523 2618 658 2680 oracula
676 2633 808 2678 manes:
877 2681 880 2689 ,

96 2719 340 2801 Tollentemque
354 2730 453 2806 eaput
463 2721 590 2808 gelidas
603 2719 737 2790 Anienis
747 2721 793 2782 ad
812 2720 937 2802 irrides⁴

98 2821 264 2908 Agricolae
279 2813 384 2889 fracto
396 2824 538 2888 Marium
551 2826 666 2916 fugere
684 2827 845 2918 sepulcrog

134 2929 223 2990 Haec
237 2940 373 3012 propter
388 2931 513 3014 placuit
525 2933 647 2994 Tuscos
659 2933 700 2994 de
710 2949 802 2992 more
816 2939 945 2994 vetusto

97 3033 202 3097 Acciri
216 3047 315 3099 vates.
332 3039 483 3121 Quorum
500 3038 558 3122 qui
577 3037 740 3102 maximus
757 3055 839 3099 aevo

98 3147 219 3209 Arruns
230 3147 370 3210 incoluit
384 3150 529 3212 desertae
543 3146 676 3212 moenia
688 3148 813 3228 Lucae,

99 3249 254 3316 Fulminis
271 3255 404 3318 edoctus
423 3253 588 3334 monitus,
606 3272 771 3332 venasque
787 3253 930 3341 calentes
962 3331 967 3344 Ι

98 3355 288 3440 Fibrarum,
307 3370 338 3422 et
352 3369 460 3424 motus
478 3357 617 3444 errantis
633 3357 669 3420 in
681 3363 758 3440 ae‘re
774 3377 920 3444 pennae,
975 3411 979 3420 .
996 3438 1000 3446 Α

99 3460 243 3524 Monstra
254 3460 346 3526 iubet
359 3461 521 3546 primum,
536 3483 621 3544 quac
638 3445 732 3528 nullo
752 3459 876 3550 semine
890 3458 1030 3525 dacom-

99 3566 280 3631 Protulerat
292 3577 429 3650 natnra‚
442 3567 516 3652 rapi
523 3614 534 3652 ,
547 3565 715 3648 sterilique
732 3565 892 3636 nefandos

100 3675 146 3735 Ex
164 3686 258 3738 utero
278 3678 362 3758 ¹ietns
374 3675 524 3740 infaustis
538 3696 634 3738 urere
652 3671 801 3758 flammis.

101 3781 177 3843 Mor
189 3781 283 3846 iubet
294 3792 327 3848 et
341 3793 441 3846 totam
450 3781 583 3870 pavidis
601 3802 621 3848 a
638 3780 765 3850 civibus
776 3781 900 3846 Urbem
