2790 4874
338 393 407 459 Li
426 393 548 459 BER
587 397 627 460 V·
667 414 699 458 x.
713 413 791 478 ¹779.
985 413 1043 476 ¹27

88 538 232 623 Audior,
248 551 385 604 eventus
400 561 512 604 rerum
528 539 607 606 sciet
621 539 738 603 ultima
751 536 882 604 coniux.

2 744 3 747 Ἴ
86 646 269 716 Sollicitam
282 670 380 732 rupes
394 650 462 712 iam
477 660 509 712 tc
520 649 644 714 victore
660 651 833 731 tenebunt,

2 813 3 836 ,
86 757 126 818 Et
140 756 300 840 puppim,
317 779 401 838 quae
417 761 482 823 fata
495 761 576 823 feret
589 768 656 820 tam
673 759 775 840 lacta,
787 755 922 820 timebo.

2 901 3 974 ᾗ
87 865 153 926 Nec
166 867 301 928 solvent
314 867 426 930 audita
439 878 545 933 metus
559 865 642 929 mihi
653 883 809 948 prospera
818 863 913 946 belli,

2 1045 3 1068 ,
89 975 172 1035 Cum
192 973 306 1038 vacuis
319 973 464 1056 proiecta
478 971 559 1036 locis
577 957 749 1036 acreacre
760 971 883 1054 possim

2 1179 3 1182 Ἴ
88 1084 148 1150 Vel
158 1083 313 1170 fugiente
325 1081 409 1166 capi.
424 1084 597 1150 Notescent
611 1077 711 1141 litora
726 1075 808 1140 clari

2 1277 4 1286 Ι
87 1191 242 1256 Nominis
257 1193 385 1270 exsili03
397 1190 568 1276 positaque
583 1187 631 1252 ibi
647 1185 788 1273 coniuge
801 1181 935 1272 Magni,

90 1303 171 1389 Quis
182 1301 401 1384 Mitylenaeas
414 1298 533 1384 poterit
546 1295 670 1360 nescire
689 1293 852 1356 latebras?
871 1293 873 1296 ’

2 1473 3 1476 ,
89 1416 160 1476 Hoc
173 1431 294 1495 precor
307 1421 506 1498 extremum,
521 1406 550 1470 si
565 1405 615 1468 nil
632 1403 693 1467 tibi
703 1403 789 1472 victa
802 1400 991 1483 relinquent

2 1525 3 1530 ’
90 1523 204 1586 Tutius
222 1541 315 1583 arma
332 1521 429 1606 fuga,
443 1537 518 1596 cum
533 1525 564 1579 te
577 1511 777 1580 commiseris
794 1509 905 1594 undis,

2 1661 3 1728 ἶ
92 1627 249 1712 Quolibet
263 1623 439 1687 infaustam
452 1620 562 1706 potius
576 1620 712 1680 deflecte
728 1614 892 1678 carinam:

2 1733 3 1754 ¹
91 1738 257 1802 Litoribus
273 1750 431 1817 quaerere
446 1731 538 1794 meis.
558 1728 611 1791 Sic
626 1729 708 1808 fata,
722 1723 843 1788 relictis

91 1845 231 1910 Exsiluit
244 1841 352 1908 stratis
364 1861 492 1922 amens,
508 1846 735 1916 tormentaque
753 1835 846 1898 nulla

2 1939 3 1950 ἵ
91 1958 169 2022 Vult
181 1949 316 2018 differre
331 1971 434 2014 mora.
455 1951 528 2012 Non
542 1941 658 2010 moesti
675 1951 808 2026 pectora
821 1939 937 2026 Magni
986 1957 1044 2021 79²

2 2147 3 2158 ἵ
91 2063 397 2144 Sustinetlamplexu
415 2057 520 2138 dulci,
535 2053 702 2118 non-colla
718 2060 846 2112 tenere:

91 2176 326 2252 Extremusque
342 2169 429 2254 perit
444 2177 510 2230 tam
524 2163 617 2250 longi
632 2163 756 2225 fructus
772 2156 912 2220 amoris:

91 2281 374 2365 Praecipitantque
388 2297 462 2342 suos
476 2276 600 2337 luctus:
619 2269 818 2354 [neuterque
836 2265 996 2329 recedens.

92 2386 249 2452 Sustinuit
260 2385 391 2465 dixisse,
407 2378 518 2463 valet]
535 2377 703 2462 vitamque
716 2393 776 2455 per
791 2391 925 2433 omnem

2 2481 3 2488 ἵ
91 2493 188 2557 Nulla
202 2489 267 2555 fuit
283 2500 350 2553 tam
364 2495 488 2552 moesta
506 2482 585 2544 dies.
605 2483 688 2541 Nam
700 2484 807 2538 cetera
828 2475 948 2537 damna

92 2600 217 2674 Durata
230 2610 297 2672 iam
313 2611 423 2666 mente
435 2593 547 2674 malis,
560 2589 721 2668 firmaque
736 2585 892 2648 tulerunt.
972 2647 973 2651 Ἰ

129 2719 269 2784 Labitur
284 2711 414 2791 infelix,
428 2703 644 2781 manibusque
660 2701 795 2776 excepta
808 2708 944 2754 suorum

92 2831 209 2893 Fertur
224 2825 266 2888 ad
281 2835 473 2902 aequoreas,
488 2832 527 2890 ac
538 2833 572 2877 se
582 2802 773 2893 prosternit,
787 2815 920 2876 arenas,

92 2937 269 3014 litoraque
281 2929 352 3011 ipsa
363 2917 679 3001 tenet,=tandemque
692 2909 782 2969 illata
798 2900 929 2964 carinae
944 2906 1000 2962 est.

92 3037 167 3100 Non
178 3033 226 3100 sic
238 3029 353 3095 infelix
368 3022 524 3110 patriam,
539 3025 717 3099 portusque
732 3003 868 3086 reliquit

92 3134 286 3222 Hesperios,
302 3128 392 3195 saevi
404 3129 590 3209 premerent
604 3137 679 3181 cum
692 3108 838 3176 Caesaris
853 3123 954 3168 arma.

94 3243 176 3306 Fida
192 3231 301 3303 comes
314 3229 428 3318 Magni
441 3225 533 3291 vadit
550 3225 633 3286 duce
649 3221 719 3282 sola
735 3213 867 3295 relicto,

2 3379 3 3386 ¹
93 3347 354 3432 Pompeiumque
365 3337 460 3424 fugit.
478 3335 571 3419 Quae
582 3348 648 3393 nox
663 3324 727 3388 sibi
742 3317 892 3404 proxima
902 3313 1010 3392 venit,

93 3451 270 3518 Inscmnis.
290 3447 402 3512 Viduo
418 3452 488 3506 tum
501 3437 647 3522 primum
658 3431 780 3517 frigida
799 3427 903 3504 lecto,

93 3569 202 3648 Atque
217 3562 345 3625 insueta
358 3555 450 3638 quies
464 3550 540 3630 uni,
561 3546 753 3622 nudumque
770 3533 888 3601 marito

94 3677 170 3737 Non
183 3673 338 3734 haerente
352 3665 446 3726 latus.
466 3663 588 3724 Somno
604 3673 704 3734 quam
723 3667 820 3730 saepe
834 3648 974 3730 gravata

94 3779 248 3866 Deceptis
259 3795 402 3840 vacuum
413 3767 570 3834 manibus
582 3758 754 3842 complexa
770 3749 878 3816 cubile
894 3757 960 3827 est,
