2852 4878
208 359 878 440 JLIBRORUMLUCANI.
939 383 1053 444 xuvn

85 527 202 612 Pugnat
219 526 252 590 in
270 525 420 590 Hadriaca
440 539 512 610 pust
524 523 598 588 haec
616 523 771 588 Antonius
783 525 878 591 undas

86 632 290 716 Vulteiusque
305 631 395 694 cadit.
414 629 512 711 Lybie
528 644 577 704 te,
599 627 719 704 Curio„
738 643 860 694 mactat.

268 827 269 835 ¹
397 807 496 874 alu.
529 807 571 874 V.

84 946 245 1028 Quintus
260 939 293 1006 ln
307 939 455 1026 Aegypto
472 954 576 1004 narrat
596 955 646 1014 te,
663 935 796 1022 Magne,
814 937 958 1006 Senatum

82 1043 286 1112 Constituisse
306 1047 423 1110 ducem.
439 1039 524 1109 'sum
545 1040 691 1128 Delphica
709 1041 841 1108 connuit
862 1061 960 1134 antro¹

84 1155 218 1238 Appius:
238 1169 270 1218 et
289 1147 411 1218 domitis
428 1153 548 1216 rediens
563 1151 622 1216 iam
638 1153 749 1216 Caesar
765 1147 863 1218 Iberis

84 1261 247 1345 Componit
259 1279 368 1326 saevos
385 1259 650 1323 muraenarum
668 1259 834 1335 tumuitus3

85 1365 121 1426 Et
133 1365 277 1428 Dictator
292 1360 375 1440 abit,
392 1377 450 1424 nec
465 1375 528 1425 non
546 1377 577 1424 et
591 1357 708 1423 Consul
722 1359 761 1423 ab
776 1359 865 1424 Urba
972 1381 977 1410 ¹

84 1468 282 1532 Brundisium.
303 1465 434 1530 Classem
451 1465 558 1550 recipit
575 1461 733 1530 Pharsalia.
758 1463 881 1547 cymba

18 1610 20 1664 i
85 1571 178 1634 Paene
194 1573 293 1636 Ducis
308 1573 397 1657 periit
413 1572 583 1636 temeraria.
603 1568 735 1655 Navigat
752 1571 823 1635 inde

18 1741 19 1798 ἰ
85 1677 224 1754 Marcus,
242 1693 274 1740 et
288 1678 320 1740 in
336 1674 467 1742 Lesbum
480 1692 512 1742 te
526 1677 593 1754 vir,
611 1675 773 1762 Cornelia,
784 1678 888 1744 mittit.

18 1801 22 1908 i
377 1847 481 1917 u1n.
511 1849 579 1917 vt

18 1959 20 2056 i
83 1981 347 2048 Drnancruum
339 2003 370 2046 m
387 1983 484 2058 Sexto,
503 1983 575 2049 dum
590 1979 721 2070 Magnus
734 1980 774 2046 ab
788 1979 878 2049 hoste
888 1997 1015 2060 tuetur

18 2127 19 2136 η
83 2080 213 2148 Vallatur
229 2101 317 2150 muro
336 2087 367 2150 in
384 2085 518 2174 campis,
538 2107 570 2152 et
587 2107 673 2173 peste
685 2090 814 2154 laborat.

18 2217 19 2252 t
85 2189 176 2254 Esurit
191 2206 222 2252 et
234 2189 360 2267 Caesam
382 2211 547 2278 pugnaque
559 2191 691 2280 erumpit
703 2211 807 2277 aperta

84 2291 244 2379 Pompeius.
262 2291 441 2358 Scaeuae
411 2312 509 2374 vires,
521 2313 553 2359 et
573 2292 674 2360 nobile
688 2296 804 2374 fatum,

82 2399 307 2484 Thessaiiaeque
317 2400 414 2476 ¹situs,
434 2419 506 2463 mox
519 2420 598 2484 quae
616 2397 684 2463 tulit
698 2397 769 2476 iiia,
786 2414 950 2468 canuntur.

83 2505 156 2567 Hinc
174 2506 318 2589 magicam
333 2503 492 2582 Erichtho,
514 2505 634 2588 Stygias
651 2522 687 2569 ut
702 2507 840 2570 consulat
860 2507 1011 2584 Umbras,

83 2610 183 2676 Sextus
194 2613 269 2676 adit.
287 2610 359 2676 Ciet
376 2610 425 2674 iila
437 2610 540 2686 Deos,
558 2611 702 2696 cogitque
717 2611 850 2676 cadaver
1107 2615 1110 2626 '

84 2716 185 2818 Tristia
200 2718 262 2782 fata
278 2717 380 2800 loqui,
396 2715 527 2782 moritur
543 2717 626 2801 quod
639 2720 771 2783 carmine
783 2737 899 2784 rursus.

352 2847 451 2964 niu.
482 2897 574 2964 vu.
613 2848 620 2867 ⁵

83 2997 239 3090 snnrnu
250 3041 287 3090 ut
301 3025 406 3112 Magni
421 3027 555 3090 narravit
573 3027 709 3103 somnia,
729 3023 827 3110 plorat
947 3029 950 3038 '

83 3132 145 3196 Fata
156 3133 270 3197 Ducis:
291 3153 364 3197 mox
381 3135 472 3196 turba
485 3128 583 3195 omnis
603 3129 657 3228 sibi
674 3131 786 3215 proelia
804 3131 914 3218 poscit.

83 3231 183 3298 Censet
198 3235 279 3298 idem
297 3234 424 3319 cupidus
445 3233 576 3298 facundo
597 3230 715 3298 Tullius
731 3253 801 3300 ore:

84 3335 147 3401 Dux
165 3341 216 3404 dat
233 3339 264 3404 id
279 3342 404 3404 invitus.
430 3337 539 3402 Scribit
553 3356 625 3402 tum·
636 3341 698 3403 dira
717 3343 810 3426 poeta

83 3431 221 3528 Prodigia,
234 3447 397 3508 instructas
410 3445 508 3521 acies,
527 3443 644 3508 factura
658 3443 845 3528 Ducumque
971 3435 973 3440 ’

81 3542 172 3610 Verba
184 3549 247 3611 suis
259 3547 394 3623 animos,
412 3563 444 3609 et
464 3547 577 3630 proelia
592 3563 697 3628 gesta,
716 3544 890 3630 fugamque.

81 3646 227 3716 invenitur
245 3669 315 3736 post
332 3652 455 3728 ha'eein
474 3667 507 3714 te
513 3696 525 3728 ,
546 3650 719 3714 saevissime
737 3647 870 3726 Caesar,

81 3749 226 3822 Damuana
242 3755 372 3822 Pharsali
390 3756 558 3841 completus
576 3754 720 3842 sauguine
737 3770 873 3840 campos.
