2790 4874
336 409 540 474 erere
580 410 840 500 vrum,
1016 435 1072 508 ¹79
1142 375 1145 384 ’

109 557 239 620 Rursus
255 553 292 618 in
308 571 400 620 arma
417 563 525 639 potes,
547 569 725 638 rursusque
742 558 779 622 in
797 559 862 624 fatu
883 565 1000 628 redire.
1059 564 1067 581 '

4 665 6 692 v
109 663 178 724 Sed
196 659 279 742 quid
294 675 378 744 opus
399 659 487 724 victo
503 653 651 744 populis,
671 671 729 724 aut
746 663 902 749 urbibus,
924 661 1063 752 inquitl'

108 765 242 832 Victori
261 775 421 848 praestate
438 763 547 830 fidens.
568 769 620 830 Tu
638 767 770 852 Caesar,
794 769 830 832 in
846 773 914 834 alto

108 871 235 939 Caedis
248 873 358 934 adhuc
377 873 512 935 cumulo
533 871 659 955 patriae
676 893 738 957 pu·
758 875 885 940 risoera
905 878 1013 946 vadis:

55 967 57 972 ’
108 982 152 1042 st
171 977 234 1040 uui
247 978 315 1055 tam
330 981 472 1062 populos
489 981 591 1042 donat
606 999 727 1066 gener..
739 981 858 1043 sveut
873 981 953 1047 inae
984 1021 987 1030 ·

108 1087 311 1170 Pompeium
318 1088 466 1170 sonipest
482 1088 623 1174 gemitus
635 1087 857 1170 lacrimaeque
864 1101 1064 1176 sequuntur,

108 1195 326 1274 Plurimaque
343 1194 378 1256 in
400 1215 514 1258 saevos
533 1195 650 1278 populi
670 1197 820 1260 convicia
840 1197 953 1262 Divos.
1066 1216 1070 1230 ·

109 1299 209 1360 Nunc
228 1295 289 1359 tibi
307 1315 386 1360 vera
404 1296 484 1361 fides
499 1298 654 1381 quaesiti,
671 1301 809 1386 Magne,
830 1301 954 1366 favoris
1003 1318 1007 1326 “
1061 1311 1068 1347 ¹

110 1403 276 1492 Contigit,
295 1424 334 1468 ac
352 1405 487 1468 fructus.
507 1403 599 1468 Felix
616 1427 651 1469 se
669 1407 773 1469 nescit
790 1405 903 1470 amari.
1064 1408 1069 1420 '

151 1511 325 1598 Caesaruut
342 1505 503 1594 llesperio
520 1511 602 1574 vidit
620 1511 698 1576 satis
719 1533 798 1575 arva
818 1525 932 1580 natare

109 1614 299 1702 Sanguine,
322 1619 526 1702 parcendum
551 1617 654 1701 ferro,
676 1619 894 1702 manibusque
917 1614 1069 1686 suorum'·

109 1717 184 1780 Iam
203 1727 311 1802 naurs,
333 1730 373 1781 ut
388 1719 468 1782 viles
490 1719 631 1800 animas,
652 1719 865 1801 perituraque
885 1722 1007 1786 frustra
1066 1722 1070 1732 '

108 1819 257 1910 Agmina
277 1817 427 1906 permisit
445 1822 544 1884 vitae.
566 1821 630 1883 Sed
648 1831 752 1884 castra
770 1822 902 1908 fugatos
1064 1815 1069 1828 '

110 1927 162 1987 Ne
178 1935 349 2006 revocent,
364 1925 531 2007 pellatque
544 1922 637 2004 quies
660 1933 821 1984 nocturna
834 1942 1013 2008 pavorem,
1065 1922 1070 1966 ³

109 2031 267 2098 Protinus
287 2032 399 2095 hostili
420 2031 533 2095 statuit
552 2033 726 2094 succedere
747 2033 852 2113 vallo,

109 2138 204 2200 Dum
218 2135 350 2200 fortuna
371 2137 575 2224 calot‚‚durn
593 2135 850 2201 conficitorunia
871 2147 991 2218 terror3
1014 2143 1073 2222 734

109 2243 187 2304 Non
206 2242 329 2306 veritus
348 2257 449 2326 grave
470 2259 512 2303 ne
532 2241 637 2331 fessis,
659 2251 716 2303 aut
733 2243 836 2306 Marte
850 2241 993 2306 subactis

109 2355 193 2416 saue*
204 2349 291 2413 foret
309 2347 498 2431 imperium.
518 2349 592 2410 Non
610 2365 735 2433 magno
756 2347 941 2412 hortamine
960 2350 1056 2413 milas
1095 2417 1096 2420 ,

110 2461 151 2522 In
172 2461 330 2543 praedam
350 2457 520 2520 ducendus
538 2463 618 2518 erat.
650 2455 796 2520 Victoria
818 2451 914 2516 nobis

110 2571 218 2632 Plena
225 2565 323 2647 ,viri,
339 2563 434 2626 dixit.
452 2570 601 2645 superest
615 2581 678 2644 pro
698 2560 858 2647 sanguiue
871 2573 1010 2646 meroes,

111 2677 225 2793 Quam
242 2673 424 2737 monstrare
440 2689 560 2733 meum
568 2679 636 2748 est;
654 2687 762 2750 neque
777 2667 868 2731 enim
883 2669 1008 2734 donare·

721 2775 868 2854 vocabo,
933 2797 943 2812 ¹

112 2885 215 2974 Quod
232 2882 296 2947 sibi
311 2881 450 2962 quisque
467 2881 565 2945 dabit.
588 2877 721 2942 (iunctis
739 2901 781 2942 en
796 2881 896 2963 plena
912 2881 1055 2945 metallis

112 2995 227 3055 Castra
243 3001 373 3074 patent.
395 2997 526 3072 raptum
545 2985 712 3070 Hesperiis
730 3005 749 3049 e
767 2988 919 3074 gentibus
935 3004 1056 3052 aurum

110 3100 179 3162 Hic
200 3099 298 3160 iacet.
321 3083 468 3178 ansque
485 3105 640 3178 premunt
662 3075 804 3156 tentoria
827 3113 931 3178 gazas,

1 3235 2 3262 ι
110 3208 179 3268 Το1
201 3223 317 3292 regum
338 3203 471 3266 fortuna
490 3201 590 3265 simul
607 3199 786 3286 Magnique
802 3208 914 3262 coacta

111 3311 288 3392 Exspectat
305 3305 471 3369 dominos:
492 3322 634 3388 propera
652 3305 864 3388 praecedere,
881 3301 993 3385 ιιιὶίεε,

110 3419 207 3502 Quos
227 3412 389 3495 sequeris.
410 3432 624 3494 quascunque
644 3423 714 3475 tuas
733 3409 900 3475 Pharsalia
917 3409 1008 3495 fecit,

110 3526 143 3585 A
160 3521 254 3590 victis
271 3519 446 3603 rapiuntur
465 3536 553 3600 opes.
574 3521 640 3579 Nec
659 3520 757 3600 plura
774 3517 902 3580 locutus
1011 3529 1018 3544 ·
1046 3537 1051 3544 ·

106 3627 255 3710 Impulit
272 3635 431 3708 amentes,
453 3624 592 3704 aurique
609 3623 764 3706 cupidine
786 3641 897 3685 caecos

110 3735 170 3797 Ire
187 3749 286 3818 super
301 3733 444 3822 gladios,
461 3747 627 3814 supraque
644 3735 804 3820 cadauera
822 3741 972 3816 patrum,
1006 3715 1008 3723 '

112 3845 156 3904 Et
171 3855 282 3908 caesos
299 3845 426 3906 calcare
439 3839 547 3904 duces.
572 3839 665 3924 Quae
679 3837 779 3923 fossa,
790 3840 864 3921 quis
877 3833 979 3926 agger
