2788 4880
308 377 511 440 alona
550 378 633 442 111.
672 385 798 464 aaa
988 387 1028 450 fis

124 527 221 588 Lucus
232 531 314 605 erat,
336 525 441 612 longo
454 547 627 607 nunquam
643 527 785 592 violatus
797 529 840 592 ab
855 547 953 611 aevo,
981 515 983 518 ⁵
1010 505 1015 518 ¹

89 631 259 694 ¹Obscurum
274 631 411 718 cingens
422 632 576 697 connexis
591 637 668 696 adra
682 631 799 714 ramis,

91 737 124 798 Et
134 736 250 822 gelidas
262 739 328 801 alte
341 739 505 802 submotis
520 736 643 802 solibus
658 739 803 800 umbras.

90 841 174 906 Hunc
184 864 249 916 nou
257 845 421 908 ruricolae
433 847 552 926 Panes,
571 862 810 923 nemorumque
825 849 976 926 polentes

90 945 198 1010 Silvani
206 951 445 1032 Nymphaeque
456 957 582 1028 tenent,
597 947 655 1010 sed
666 947 805 1008 barbara
818 945 886 1009 ritu
909 999 919 1010 ..

86 1053 171 1116 Sacra
182 1053 304 1135 Deam,
319 1063 462 1116 sunctae
478 1052 558 1116 diris
573 1046 731 1114 altaribus
747 1069 845 1125 arae;

90 1156 188 1221 Omnis
205 1166 237 1220 et
255 1157 409 1250 bumanis
423 1159 557 1220 lustrata
575 1155 746 1220 cruoribus
764 1158 873 1218 arbor.

88 1259 114 1320 Si
125 1281 183 1342 qua
193 1260 296 1325 fidem
311 1262 430 1326 meruit
442 1263 584 1345 Superos
599 1259 717 1324 mirata
727 1269 885 1342 vetustas,

87 1373 144 1435 lliis
160 1385 190 1446 et
205 1377 356 1438 volucres
369 1383 521 1438 metuunt
539 1374 682 1445 insidere
703 1375 821 1454 ramis,

87 1477 118 1537 Et
128 1478 231 1542 lustris
244 1481 402 1542 recubare
418 1479 521 1542 ferae:
541 1487 737 1542 nec'veutus
750 1477 786 1541 iu
798 1478 873 1544 illas

87 1579 224 1644 Incubuit
236 1580 334 1646 silvas
339 1627 350 1664 ,
369 1600 568 1663 excussaque
580 1579 724 1646 nubibus
740 1581 818 1644 atris

87 1683 226 1770 Fulgura:
245 1706 314 1748 non
325 1685 402 1750 ullis
418 1687 571 1748 frondem
590 1686 822 1768 praebentibus
841 1687 946 1770 auris,

85 1793 249 1858 Arboribus
259 1814 337 1858 suus
352 1796 472 1856 horror
483 1791 577 1856 inest.
595 1793 681 1854 Tum
699 1791 844 1874 plurima
861 1791 967 1878 nigris

86 1903 226 1966 Fontibus
240 1905 330 1966 unda
344 1902 445 1984 cadit,
458 1901 700 1980 simulacraque
715 1910 838 1962 moesta
850 1901 999 1972 Deorum

84 2008 149 2069 Arte
159 2019 281 2090 carent,
300 2007 463 2088 caesisque
473 2017 599 2070 exstant
609 2005 766 2068 informia
778 2005 911 2070 truncis.

83 2112 145 2194 Ipse
160 2114 257 2196 situs,
269 2112 424 2196 putrique
440 2111 519 2174 facit
534 2112 601 2174 iam
619 2113 739 2174 robore
758 2109 879 2190 pallor
959 2124 1020 2186 414

83 2219 242 2284 Attonitos:
261 2239 329 2286 nou
349 2218 490 2304 vulgatis
505 2225 629 2281 sacrata
647 2213 762 2302 figuris
823 2225 825 2230 '
978 2200 981 2206 ¹

82 2328 210 2391 Numina
221 2327 269 2392 sic
280 2336 446 2389 metuunt:
464 2333 591 2386 tautum
605 2317 783 2384 terroribus
796 2319 889 2381 addit
886 2365 916 2419 ’,ἱ

82 2436 159 2518 Quos
169 2436 304 2499 tbneant
319 2455 388 2498 nou
397 2451 492 2496 nosse
500 2433 597 2493 Deos.
610 2431 681 2491 Iam
695 2428 783 2491 fama
792 2427 937 2506 ferebat,
974 2499 982 2514 ·

79 2542 169 2626 Saepe
184 2563 281 2618 cavas
293 2552 384 2610 motu
397 2550 502 2607 terrae
516 2531 644 2622 mugire
661 2551 832 2612 cavernas,
900 2545 906 2559 ’

78 2645 115 2708 Et
124 2649 369 2730 procumbentes
382 2643 501 2728 iterum
519 2657 717 2726 consurgere
730 2646 836 2718 taxos,

77 2751 116 2812 Et
125 2772 186 2815 non
198 2749 342 2813 ardentis
359 2749 487 2832 fulgere
502 2739 656 2808 incendia
664 2741 802 2823 bilvae‚'

76 2855 263 2937 Roboraque
279 2855 446 2937 amplexos
467 2845 719 2912 circumfluxisse
738 2847 905 2906 dracones.

76 2957 143 3017 Non
153 2956 248 3018 illum
265 2955 354 3016 cultu
371 2948 489 3036 populi
504 2946 659 3031 propiore
673 2943 898 3022 frequentant,

76 3062 132 3122 Sed
150 3061 271 3124 cessere
281 3057 367 3122 Deis.
385 3054 496 3119 Medio
511 3071 585 3114 cum
599 3049 750 3111 Phoebus
759 3045 794 3106 iu
813 3064 874 3106 axe
891 3039 954 3126 est,

75 3167 132 3226 Aut
148 3165 276 3228 coelum
286 3183 351 3242 nos
365 3171 436 3224 atra
451 3161 553 3238 tenet,
571 3163 669 3237 pavet
685 3152 755 3235 ipse
767 3151 918 3214 sacerdos

75 3271 238 3349 decessus,
258 3265 495 3343 dominumque
510 3260 601 3326 timet
617 3257 820 3339 deprendere
831 3254 909 3316 luci.
955 3293 958 3301 ‚

108 3377 201 3438 Hanc
210 3373 301 3438 iubet
313 3372 457 3438 immisso
470 3369 588 3437 silvam
599 3366 817 3450 procumbere
838 3362 945 3424 terro:
1045 3383 1047 3387 ’

72 3481 151 3542 Nam
163 3479 271 3542 vicina
282 3477 386 3560 operi,
398 3477 554 3553 belloque
567 3472 688 3538 'utacta
702 3464 806 3550 priori

71 3585 156 3646 Inter
166 3585 306 3646 nudatos
316 3582 421 3642 stabat
433 3575 623 3640 densissima
636 3579 783 3644 montes:

70 3693 130 3754 Sed
147 3691 246 3754 fortes
262 3672 431 3770 tremuere
444 3702 575 3756 mauus3
597 3678 743 3759 motique
756 3677 903 3742 verenda

70 3795 233 3860 Maiestate
249 3793 332 3876 loci,
347 3791 376 3856 si
388 3791 509 3856 robora
523 3805 616 3852 sacra
635 3771 785 3867 ferirent,
