2788 4880
366 394 406 462 ss
620 351 1067 458 arsissans
1162 385 1289 446 esc.

366 533 461 600 Colla
478 528 604 597 monile
615 531 753 609 decensj
765 526 978 610 humerisque
993 524 1165 592 haerentia
1172 523 1297 610 primis

364 641 516 722 Suppara
529 640 669 704 nudatos
682 636 819 724 cingunt
830 645 971 721 angusta
983 637 1133 726 lacertos.
1244 685 1254 708 ,

363 747 455 814 Sicut
467 755 553 827 erat,
568 743 686 808 moesti
701 763 834 811 servans
846 742 1004 831 lugubria
1022 743 1149 825 cultus,
1387 743 1388 816 i

365 851 507 934 Quoque
554 849 620 912 odo
634 854 748 927 ustos,
761 849 829 920 'hoe
843 855 891 910 est
906 845 1060 926 amplexa
1076 841 1245 908 maritum.

365 934 482 1018 Obsita
498 869 636 1021 tiierea
653 943 778 1018 celatur
801 967 951 1034 purpura
964 947 1052 1016 lana
1217 1017 1232 1042 ,ι

364 1061 440 1126 Nou
452 1057 542 1124 soliti
554 1059 662 1124 lusere
673 1059 774 1124 salese
798 1077 860 1122 nec
872 1075 965 1123 more
980 1055 1105 1120 Sabino

1387 1469 1388 1520 i

1387 1525 1388 1582 i

364 1164 501 1250 Excepit
521 1163 618 1232 tristis
636 1164 786 1228 convicia
802 1164 884 1229 testa
901 1162 1049 1230 maritus.

363 1269 508 1355 Pignora
527 1269 621 1334 nulla
637 1269 771 1348 domus,
791 1267 877 1334 nulli
897 1266 1006 1334 doiere
1018 1265 1225 1351 propinquis

362 1376 553 1462 Iunguntur
567 1375 669 1458 taciti,
691 1373 908 1458 contentique,
926 1375 1059 1459 auspice
1075 1379 1186 1442 Bruto.

363 1480 426 1544 Ille
439 1501 501 1544 nec
520 1475 711 1544 horrificam
723 1486 836 1541 sancto
851 1477 995 1540 dimovit
1007 1480 1050 1542 ab
1062 1497 1122 1543 ore
1224 1445 1262 1514 ⁰

364 1583 567 1667 caesariem,
580 1587 730 1665 duroque
743 1582 875 1648 admisit
890 1585 1015 1674 gaudia
1031 1585 1145 1652 vultus

364 1695 410 1754 Ut
423 1692 571 1775 primum
585 1691 658 1758 tolli
673 1691 788 1760 feralia
804 1691 934 1756 viderat
948 1713 1059 1776 arma,

364 1803 516 1866 Intonsos
527 1803 671 1891 rigidam
687 1801 725 1868 in
737 1800 881 1867 frontem
895 1803 1094 1868 despondere
1109 1815 1209 1866 sanos

364 1911 481 1978 Passus
495 1921 582 1993 erat,
595 1919 820 1990 moestamque
832 1907 926 1994 genis
939 1908 1121 1974 increscere
1137 1910 1288 1974 barbam.

364 2015 433 2078 Uni
448 2015 573 2100 quippe
587 2025 682 2080 vacat
699 2014 815 2081 studiis
831 2013 982 2096 odiisque
998 2014 1143 2098 ueremi,
1387 2003 1388 2030 ³

364 2125 563 2190 Humanum
582 2123 696 2208 lugere
711 2141 832 2207 genus:
851 2142 913 2185 nec
928 2121 1066 2188 foedera
1079 2121 1183 2206 prisci
1266 2121 1325 2200 378
1387 2107 1388 2128 ¹

364 2229 449 2290 Sunt
463 2237 586 2291 tentata
605 2227 685 2292 toris
700 2226 788 2292 iusto
809 2243 943 2307 quoque
957 2227 1062 2289 robur
1073 2225 1181 2290 amori
1387 2231 1388 2244 *

364 2329 506 2397 Restitit·
520 2330 566 2398 Hi
577 2351 710 2420 caprea,
725 2331 807 2394 baec
819 2328 895 2394 duri
908 2329 1048 2396 uumcte
1062 2327 1199 2396 Catonis

364 2439 459 2504 Secta
474 2436 551 2519 tuit,
569 2455 700 2503 servare
712 2438 867 2518 modum,
885 2434 1053 2518 iineanue
1071 2446 1199 2516 tenere,

364 2545 591 2626 Naturamque
608 2543 718 2626 sequi,
732 2542 925 2626 patriaeque
938 2541 1131 2625 impendere
1145 2539 1266 2618 simma

364 2647 433 2708 Nec
445 2644 524 2727 sibi,
535 2647 593 2710 sed
607 2645 666 2712 toti
680 2646 829 2733 genitum
846 2665 881 2710 se
899 2647 1033 2712 eredere
1049 2643 1189 2712 mundo·

293 2743 295 2748 ’
363 2749 453 2814 Huic
466 2749 601 2832 epulae,
620 2747 736 2812 vicisse
749 2750 891 2826 famem
909 2745 1089 2833 magnique
1102 2751 1259 2829 penates,

363 2858 575 2925 Submovisse
590 2855 736 2923 hiemem
748 2866 852 2931 tect03
875 2853 1084 2938 pretiosaque
1102 2853 1218 2932 vestis,
1265 2927 1268 2938 ,

362 2963 497 3027 Hirtam
508 2965 659 3028 membra
673 2983 789 3045 super,
803 2958 948 3026 Romani
960 2980 1054 3024 more
1074 2959 1231 3045 Quiritis,

361 3067 534 3134 Induxisse
550 3077 677 3154 togam:
690 3066 894 3150 Venerisque
905 3053 984 3130 huic
998 3065 1163 3131 maximus
1175 3083 1271 3145 usus,

361 3171 556 3256 Progeniem
575 3173 659 3238 Urbi
672 3181 840 3255 patescet,
856 3171 1006 3252 Urbique
1025 3169 1183 3234 maritus:

360 3272 507 3338 Iustitiae
524 3277 647 3355 culter,
665 3267 766 3359 rigidi
781 3283 928 3336 servator
940 3273 1091 3338 honesti:

360 3377 401 3442 In
422 3397 598 3445 commune
615 3381 738 3442 bonus:
754 3378 936 3460 nullosque
951 3377 1086 3442 Catonis
1099 3374 1137 3436 in
1152 3383 1245 3438 actus

360 3481 544 3565 Subrepsit,
567 3479 761 3566 partemque
776 3480 850 3545 tulit
865 3481 931 3547 sibi
949 3491 1028 3546 nata
1044 3479 1208 3559 voluptas.

400 3584 530 3654 Interea
543 3587 671 3670 trepido
690 3586 858 3652 discedens
877 3585 1011 3672 agmine
1028 3584 1193 3671 Magnus,

360 3691 496 3760 Moenia
507 3690 670 3759 Dardanii
684 3693 789 3772 tenuit
810 3695 980 3776 Campana
993 3689 1115 3756 coloni.

360 3797 452 3864 Haec
464 3795 590 3888 placuit
602 3797 685 3864 belli
696 3799 807 3886 sedes,
820 3798 900 3864 hinc
915 3817 1046 3864 summa
1061 3792 1225 3886 moventis
1263 3863 1271 3876 ,
