2788 4880
282 435 487 498 mann
526 436 605 501 111.
645 440 770 516 naas.
965 395 1057 505 ss

15 573 22 608 ⁸
51 575 227 641 Sed'maior
239 578 341 642 Graio
355 569 507 643 Romana
525 579 562 643 in
580 600 721 664 corpora
735 581 825 644 ferro

13 685 14 698 ¹
51 685 101 748 Vis
116 684 232 746 inerat.
253 687 369 766 Neque
381 685 473 748 enim
489 683 568 749 solis
585 706 720 749 excussa
735 673 867 750 lacellis

51 791 190 872 Lancea,
205 793 263 854 sed
281 803 374 856 tenso
389 792 540 856 ballistae
557 793 690 856 turbine
709 803 820 878 rapta,

52 896 139 958 Haud
151 915 261 957 unum
276 905 431 958 contenta
443 897 528 958 latus
542 891 698 978 transire,
718 895 855 977 quiescit
864 917 888 976 ς,

54 1005 105 1065 Sed
116 1005 266 1087 pandens
275 1020 400 1086 perque
414 1023 507 1064 arma
516 1002 625 1085 viam,
640 1021 766 1085 perque
781 1023 872 1088 ossa,
886 993 1010 1072 relicti

54 1113 146 1175 Morte
157 1111 500 1206 fugitasuperestqtelo
514 1120 588 1194 post
604 1111 744 1174 vulnera
759 1133 883 1178 cursus.

55 1218 209 1280 ttsaxum
228 1216 355 1298 quoties
370 1215 499 1304 ingenti
513 1215 661 1280 verberis
678 1226 754 1280 actu

57 1323 221 1405 hominm,
238 1321 344 1403 qualis
357 1341 471 1404 rupes,
489 1342 591 1403 quam
607 1321 732 1385 vertice
747 1323 871 1387 montis
949 1409 953 1416 Δ

57 1433 184 1496 Abscidit
198 1433 345 1514 impulsu
357 1443 534 1494 ventorum
551 1431 666 1494 adiuta
680 1441 841 1516 vetustas,

57 1536 175 1622 Frangit
190 1543 311 1598 cuneta
327 1555 444 1598 ruens:
461 1555 522 1598 nee
541 1545 669 1598 tantum
687 1555 827 1619 corpora
846 1557 959 1621 pressa
1007 1565 1010 1570 ¹

57 1642 231 1724 Exanimat3
249 1652 334 1706 totos
346 1664 421 1704 eum
433 1641 594 1730 sanguine
613 1641 750 1726 dissipat
764 1627 864 1712 artus.
882 1649 884 1654 ’

58 1750 93 1810 Ut
104 1760 209 1814 tamen
224 1748 360 1816 hostiles
374 1749 476 1810 denso
494 1744 658 1808 testudine
672 1767 787 1810 muros

57 1853 140 1916 Testa
153 1853 241 1918 subit
255 1852 377 1934 virtus,
395 1849 563 1929 armisque
581 1848 705 1911 innexa
719 1850 848 1932 priores

58 1961 139 2022 lma
153 1961 281 2041 lerunt,
300 1949 497 2046 galeamque
513 1965 664 2019 extensus
682 1957 826 2043 protegit
846 1960 969 2042 umbo,

59 2067 135 2150 Quae
147 2067 296 2152 prius'ex
311 2067 414 2151 longo
430 2072 616 2126 nocuerunt
629 2062 727 2126 missa
738 2085 881 2147 recessu,
942 2083 1002 2147 477

58 2169 113 2234 lun
123 2183 193 2255 post
208 2181 300 2258 terga
312 2171 451 2232 eadunt:
470 2187 532 2252 nec
547 2166 655 2240 Graiis
673 2169 804 2232 flectere
817 2169 964 2254 iactum,

60 2279 109 2341 lut
120 2281 222 2344 facilis
234 2281 330 2343 labor
342 2285 389 2341 est
401 2274 587 2362 longinqua
606 2277 649 2336 ad
670 2277 734 2338 tela
750 2275 861 2359 parati

60 2379 211 2446 Tormenti
227 2391 357 2444 mutare
367 2381 526 2456 modum3
544 2379 602 2440 sed
617 2380 765 2460 pondere
781 2381 854 2444 solo

61 2487 207 2570 Contenti,
232 2485 330 2550 nudis
343 2485 503 2547 evolvunt
521 2468 762 2547 saxa'lacert-is
889 2473 892 2480 ’

60 2591 131 2656 llum
141 2595 202 2658 luit
216 2605 386 2656 almorum
405 2592 521 2673 series,
541 2599 579 2653 ut
593 2591 757 2676 grandine
775 2599 862 2654 tecta

16 2755 18 2762 ,
61 2694 184 2760 lanoeut
199 2715 354 2781 pereum
370 2703 504 2776 sonant,
523 2693 570 2757 sie
587 2692 700 2756 omnia
714 2696 779 2766 tela

61 2799 190 2884 Respuit:
209 2812 243 2866 at
258 2799 432 2886 postquam
444 2798 549 2873 uirtus
570 2797 697 2862 incerta
714 2799 867 2864 virorum
973 2868 975 2872 ,

63 2906 237 2988 Perpetuam
250 2907 359 2990 rupit,
380 2905 507 2982 defesso
526 2905 649 2985 milite,
670 2913 811 2986 cratem,

62 3011 173 3101 Singula
188 3000 362 3079 continuis
375 3023 541 3076 cesserunt
556 3011 677 3074 ictibus
693 3031 797 3074 mma.

61 3115 135 3182 lune
146 3123 305 3204 adoperta
324 3117 390 3182 levi
404 3115 670 3200 procedituinea
684 3129 790 3201 terra,

61 3218 112 3283 Sub
124 3225 215 3302 ouius
229 3225 373 3310 pluteis,
389 3233 421 3286 et
435 3235 519 3287 tecta
538 3225 648 3287 fronte
664 3226 803 3292 latentes

62 3329 152 3394 Moliri
164 3355 255 3397 nune
267 3333 335 3396 ima
350 3343 484 3416 parant,
501 3343 533 3396 et
548 3343 677 3396 vertere
691 3333 782 3398 ferro

62 3433 186 3503 Moenia:
200 3463 291 3504 nune
303 3441 387 3505 aries
403 3461 562 3524 suspenso
578 3441 698 3504 fortior
715 3441 785 3506 ictu

62 3537 188 3611 Incussus
202 3547 298 3610 densi
313 3566 508 3636 compagem
520 3549 651 3611 solvere
669 3549 760 3610 muri

60 3645 157 3713 Tentat
164 3698 174 3736 ‚
187 3663 219 3716 et
231 3651 394 3737 impositis
407 3652 516 3743 unum
528 3655 716 3718 subducere
730 3653 843 3720 saxis..

61 3752 107 3814 Sed
118 3778 213 3842 super
227 3769 259 3823 et
275 3761 433 3844 flammis,
453 3771 485 3824 et
500 3781 641 3848 magnae
659 3762 825 3848 fragmine
838 3761 953 3849 molis,

61 3857 89 3919 Et
100 3865 229 3932 sudibus
247 3867 387 3954 crebris,
408 3862 441 3936 et
459 3861 569 3935 adusti
580 3868 708 3936 roboris
725 3869 793 4024 ictg

28 3991 29 4022 r
109 3968 222 4029 lacurn.
302 4008 305 4013 -
792 4005 800 4023 ·
