2788 4880
280 379 486 444 LIBER
525 382 610 446 III.
650 386 773 468 utiq.
973 397 1013 474 ⁶7

3 531 4 534 ’
51 517 205 582 Tollitur:
224 518 388 603 impulsae
405 521 506 586 tonsis
524 533 688 590 tremuere
702 527 849 614 carinae,

51 627 236 708 Crebraque
251 625 410 688 sublimes
429 629 621 690 convellunt
634 632 773 696 verbera
790 655 930 719 puppes.
943 637 946 643 '
981 626 984 631 ’

50 733 179 793 Cornua
193 734 364 794 Romanae
380 733 508 814 classis,
526 733 723 818 validaeque
741 736 908 824 triremes,

52 839 204 922 Quasque
214 849 331 920 quater
341 859 477 925 surgens
489 841 644 906 exstructi
657 843 793 930 remigis
809 848 894 909 ordo

54 949 258 1029 commovet,
274 957 306 1010 et
321 950 432 1032 plures
445 970 532 1032 quae
547 961 703 1038 mergunt
717 970 860 1034 aequore
875 953 990 1044 pinus,

53 1053 245 1136 Multiplices
265 1054 397 1120 cinxere
416 1067 512 1122 rates.
532 1061 605 1121 Hoc
621 1063 726 1124 robur
742 1071 857 1145 aperto

56 1161 248 1242 Oppositum
264 1163 395 1248 pelago.
409 1165 536 1228 Lunata
549 1165 658 1230 fronte
673 1170 850 1252 recedunt,

57 1267 176 1336 Ordine
192 1279 365 1334 contentae
382 1272 517 1356 gemino
532 1272 672 1338 crevisse
687 1274 853 1339 liburnae.

55 1373 173 1436 Celsior
187 1384 220 1438 at
230 1375 361 1441 cunctis
373 1378 465 1440 Bruti
481 1378 647 1462 praetoria
664 1381 788 1468 puppis
827 1437 832 1446 .

31 1553 34 1574 Ι
55 1484 247 1550 Verberibus
260 1485 347 1550 senis
358 1487 485 1573 agitur,
503 1489 693 1569 molemque
708 1489 880 1572 profundo
982 1471 985 1478 ⁴

56 1596 195 1679 lucebit,
214 1607 247 1662 et
258 1597 396 1661 summis
413 1600 515 1686 longe
531 1596 615 1680 petit
632 1617 777 1678 aequora
791 1597 901 1664 remis.

90 1709 131 1768 Ut
144 1715 275 1770 tantum
288 1703 392 1770 medii
410 1706 518 1768 fuerat
534 1705 652 1787 maris,
668 1715 810 1786 utraque
823 1705 934 1774 classis

55 1811 146 1893 Quod
159 1811 263 1874 semel
276 1809 419 1878 excussis
432 1819 541 1894 posset
556 1819 777 1874 transcurrere
791 1807 909 1892 tonsis,
960 1864 963 1869 .

3 1911 4 1986 J
55 1917 246 1980 Innumerae
258 1913 352 1980 vasto
368 1917 550 1980 miscentur
559 1914 597 1978 in
610 1918 744 1979 aethere
758 1935 877 1998 voces,

56 2026 295 2107 Remorumque
306 2045 409 2092 sonus
419 2025 581 2109 premitur
596 2027 762 2108 clamore,
780 2045 842 2087 nec
854 2025 946 2087 ullae

3 2111 4 2126 ἵ
56 2129 165 2194 audiri
174 2141 311 2216 potuere
323 2134 430 2194 tubae.
453 2133 549 2194 Tunc
560 2131 698 2211 caerula
708 2140 861 2215 verrunt,
951 2135 1011 2212 542

58 2241 154 2320 Atque
170 2239 206 2301 in
218 2217 360 2302 transtia
374 2241 514 2320 cadunt,
530 2250 564 2302 et
576 2237 676 2301 remis
689 2246 825 2320 pectora
832 2241 978 2322 pulsant.

57 2341 94 2402 Ut
106 2344 251 2426 primum
267 2343 381 2408 rostris
398 2355 599 2427 crepuerunt
617 2345 718 2408 obvia
736 2357 861 2426 rostra;

57 2449 90 2510 ln
103 2451 244 2534 puppim
256 2450 386 2526 rediere
403 2460 504 2532 rates,
523 2449 707 2531 emissaque
725 2453 789 2514 tela

58 2559 133 2620 l'e'ra
147 2569 317 2641 texerunt,
331 2577 541 2638 vacuumque
558 2558 711 2621 cadentia
727 2566 879 2640 pontum

58 2667 173 2730 Etiam
193 2667 336 2731 diductis
354 2667 536 2728 extendunt
558 2685 684 2732 cornua
700 2665 829 2750 proris,

57 2773 271 2858 Diversaeque
291 2783 377 2836 rates
389 2774 499 2835 laxata
521 2772 623 2835 classe
636 2783 801 2855 receptae.

58 2880 110 2962 Ut,
126 2881 254 2962 quoties
265 2890 373 2942 aestus
387 2875 548 2960 Zephyris
561 2875 721 2956 Eurisque
731 2883 912 2962 repugnat,

58 2987 125 3057 Huc
140 2989 264 3050 abeunt
277 2985 410 3065 fluctus,
420 2982 506 3044 illuc
520 3001 629 3044 mare:
650 2980 697 3050 sic
711 2980 770 3042 ubi
781 3001 912 3064 puppes

57 3087 180 3151 Sulcato
197 3086 308 3150 varios
321 3089 488 3149 duxeruut
499 3083 630 3171 gurgite
649 3094 788 3167 tractus,

58 3194 150 3276 Quod
168 3195 243 3258 tulit
254 3195 314 3257 illa
327 3194 406 3258 ratis
420 3194 538 3278 remis,
559 3196 643 3258 haec
658 3192 772 3257 retulit
786 3213 921 3275 aequor.

58 3300 113 3360 Sed
125 3301 233 3364 Graiis
248 3300 389 3382 habiles,
404 3319 619 3387 pugnamque
639 3301 797 3364 lacessere
814 3300 913 3382 pinus

58 3404 91 3465 Et
103 3415 228 3470 tentare
241 3408 374 3492 fugam,
395 3427 457 3468 nee
475 3407 577 3492 longo
593 3405 746 3492 frangere
759 3423 848 3490 gyro

59 3486 209 3593 Cursum,
227 3525 289 3575 ne'c
308 3513 402 3573 tarde
417 3509 559 3573 flectenti
579 3514 697 3573 cedere
713 3512 819 3573 clavo.

57 3621 93 3681 At
109 3614 263 3684 Romana
274 3622 353 3684 ratis
365 3622 516 3684 stabilem
532 3622 691 3704 praebere
707 3618 858 3683 carinam

57 3724 195 3808 Certior,
213 3735 246 3788 et
265 3737 371 3790 terrae
387 3723 533 3788 similem
550 3721 754 3784 bellantibus
770 3744 878 3788 usum.

57 3830 146 3895 Tunc
157 3833 195 3897 in
212 3833 372 3920 signifera
384 3831 542 3900 residenti
556 3846 670 3918 puppe
683 3832 843 3920 magistro
