2824 4880
612 167 618 208 l

324 338 384 406 274
654 303 943 417 'clausu
1126 317 1304 416 v.147.'
1362 341 1364 346 ·

321 471 412 536 Felix
428 469 487 538 illa
500 471 587 555 dies,
605 480 775 554 totumque
789 476 938 538 canenda
952 494 1013 558 per
1029 478 1161 560 orbem,

269 565 273 580 ⁸
321 580 415 662 Quae
429 577 488 642 tibi
503 577 619 642 vitales
638 599 714 642 cum
733 578 879 662 primum
894 583 1037 644 traderet
1054 601 1170 667 auras,

321 678 470 742 Contulit
487 679 677 744 innumeras
693 681 781 746 iutra
801 687 858 745 tua
876 692 1011 766 pectora
1033 686 1135 748 dotes.

321 782 408 846 Mira
420 786 530 847 subest
544 785 688 871 gravitas
700 786 885 853 interiora:
903 787 1024 870 mirus,
1036 788 1158 853 omissa

321 888 490 972 Paulisper
501 890 678 976 gravitate,
689 892 792 976 lepos.
811 892 846 954 Si
857 892 1005 956 carmina
1018 893 1103 956 forte

321 997 459 1060 Nectere
478 994 607 1059 ludenti
624 995 708 1058 iuvit
726 996 893 1060 fluitantia
906 1018 1024 1079 versu,

320 1096 466 1160 Aonium
482 1098 588 1162 facilis
601 1099 736 1162 deducit
752 1100 876 1186 pagina
895 1120 1041 1162 carmen.

321 1203 397 1268 Sive
407 1206 530 1290 chelyn
543 1203 674 1291 digitis,
688 1215 720 1268 et
735 1209 861 1268 eburno
877 1208 1014 1268 verbere
1033 1207 1164 1288 pulsas,
1179 1259 1185 1270 ,

321 1310 435 1375 Dulcis
447 1310 623 1393 Apollinea
636 1309 785 1390 sequitur
800 1311 964 1374 testudine
978 1322 1111 1394 cantus,

321 1417 362 1480 Et
379 1426 409 1478 te
427 1413 584 1478 credibile
604 1423 652 1477 est
664 1400 798 1476 Phoebo
815 1411 968 1493 didicisse
986 1403 1153 1500 magistro.

320 1525 389 1586 Nec
404 1523 526 1606 pudeat
542 1519 706 1604 pepulisse
721 1521 846 1602 lyram,
865 1539 1035 1601 cumpace
1050 1537 1166 1582 serena

321 1627 459 1696 Publica
475 1626 597 1692 securis
613 1629 777 1692 exsultent
789 1624 855 1688 otia
871 1623 976 1687 terris.
1170 1609 1172 1616 ¹

322 1738 389 1826 Nec
401 1737 524 1818 pudeat
537 1737 690 1799 Phoebea
705 1734 838 1816 chelys,
852 1732 881 1796 si
897 1730 1042 1794 creditur
1059 1728 1128 1794 illis

322 1841 450 1906 Pulsari
461 1841 629 1922 manibus,
647 1841 812 1922 quibusct
828 1838 1039 1902 contenditur
1054 1857 1159 1902 arcus.

321 1951 397 2033 Ipse
411 1948 511 2010 fidem
526 1946 669 2010 movisse
686 1945 781 2008 ferox
799 1952 952 2006 narratur
965 1942 1123 2023 Achilles,

322 2052 483 2138 Quamvis
501 2051 593 2114 mille
610 2061 695 2114 rates
715 2051 894 2117 Priameius
915 2059 1025 2114 ureret
1046 2053 1163 2131 heros,
1228 2053 1292 2113 162

322 2159 363 2218 Et
378 2153 489 2242 gravis
507 2156 709 2236 obstreperet
729 2153 907 2217 modulatis
925 2153 1068 2220 buccina
1084 2137 1205 2220 neruis.
1235 2135 1238 2142 ⁴

322 2262 387 2323 Illo
398 2261 495 2347 dulce
514 2261 617 2320 melos
635 2259 771 2320 Nereius
787 2259 913 2320 extudit
932 2261 1031 2324 heros
1271 2249 1273 2254 ⁵

323 2365 466 2448 Pollice,
484 2363 640 2428 terribilis
654 2382 721 2443 quo
739 2361 846 2426 Pelias
863 2363 932 2426 ibat
941 2349 981 2428 in
996 2369 1136 2432 bostem.

324 2473 425 2534 Arma
442 2468 507 2534 tuis
523 2467 623 2531 etiam
639 2465 764 2530 siforte
782 2475 890 2530 rotare
907 2470 1053 2553 lacertis,

323 2577 431 2660 Inque
444 2580 585 2666 gradum
600 2575 721 2642 clausis
731 2576 830 2639 libuit
844 2577 1021 2642 consistere
1033 2577 1213 2666 membris,

325 2683 365 2745 Et
377 2680 487 2744 vitare
497 2679 610 2762 simul,
625 2678 770 2742 simulet
786 2690 918 2761 captare
936 2683 1124 2769 petentem-3

325 2788 510 2852 Mobilitate
528 2789 653 2870 pedum
670 2787 791 2848 celeres
804 2803 904 2867 super
917 2785 1052 2849 orbibus
1066 2787 1163 2850 orbes

243 2929 250 2942 ι
325 2891 460 2977 Flectis,
480 2901 512 2956 et
525 2890 668 2972 obliquis
681 2889 864 2976 fugientem
880 2889 1029 2956 cursibus
1045 2912 1157 2978 urges,

325 3001 366 3062 Et
385 3019 476 3093 nunc
488 2995 596 3060 vivaci
610 2995 762 3064 scrutaris
776 3005 909 3078 pectora
927 2996 1059 3076 dextra,
1106 3015 1112 3025 ·

325 3108 422 3166 Nunc
437 3105 522 3166 latus
540 3103 715 3165 adversum
735 3120 796 3161 nec
815 3099 917 3182 opino
932 3100 1077 3184 percutis
1092 3098 1171 3164 ictu.

317 3213 394 3272 ‘Nec
410 3207 471 3270 tibi
485 3205 652 3270 mobilitas
665 3204 776 3268 minor
790 3213 852 3286 est,
869 3203 898 3267 si
912 3203 998 3268 forte
1018 3205 1187 3269 volantem

325 3318 390 3379 dut
407 3315 576 3403 geminare
589 3313 692 3397 pilam
702 3313 807 3394 iuvat,
822 3321 879 3374 aut
892 3325 1049 3376 revocare
1063 3309 1257 3395 cadentem,
1288 3361 1291 3370 .

325 3425 366 3483 Et
378 3433 447 3482 non
465 3428 594 3502 sperato
612 3415 795 3504 lugientem
808 3416 947 3478 reddere
963 3423 1066 3502 gestu.
1175 3477 1181 3489 ,

210 3535 213 3544 ’
325 3526 448 3588 Haeret
458 3521 584 3585 inhaec
596 3524 741 3606 populus
751 3522 955 3606 spectacula,
971 3529 1104 3600 totaque
1117 3519 1218 3584 ludos

326 3637 440 3696 Turba
455 3641 590 3715 repente
601 3651 677 3696 suos
691 3631 760 3694 iam
772 3613 968 3695 sudabunda
983 3625 1154 3708 relinquit.

326 3738 374 3804 Te
390 3738 419 3816 si
435 3739 522 3804 forte
533 3739 626 3802 iuvat
645 3737 831 3826 studiorum
846 3737 996 3823 pondere
1007 3733 1128 3801 fessum
1139 3777 1155 3830 ,A
