2788 4880
29 3847 31 3914 l

30 3929 32 4000 l

281 411 484 476 LIBER
523 412 592 476 1v.
632 427 754 494 uass,
953 415 992 478 83

48 553 299 636 Admonitaeque
315 563 441 618 tument
455 561 584 641 gustato
598 551 758 640 sanguiue
777 550 903 626 fauens

47 663 165 744 Fervet,
182 671 215 724 et
233 679 253 722 a
269 660 398 744 trepido
412 660 469 722 vix
481 657 685 722 abiunctus
697 658 868 744 magistro.

47 765 109 828 Itur
122 766 156 828 in
167 781 268 826 omne
280 763 387 826 nelasr
410 771 443 826 et
454 779 540 842 quae
556 763 700 826 Fortuna
718 763 868 826 Deorum

48 869 166 934 Invidia
177 889 275 936 caeca
290 871 455 934 bellorum
468 866 506 930 in
518 875 613 930 nocte
628 857 768 946 udisset,
815 922 817 930 ,

49 974 128 1036 Fecit
142 983 289 1037 monstra
304 970 403 1035 lides:
419 969 505 1034 inter
522 989 715 1050 mensasque
737 979 904 1054 torosque,

50 1080 132 1164 Quae
148 1075 249 1140 modo
266 1077 439 1159 complexu
453 1076 607 1138 foverunt
619 1083 768 1160 pectora,
779 1077 934 1138 caedunt.

50 1184 84 1242 Et
98 1180 243 1264 quamvis
257 1180 367 1263 primo
388 1179 513 1246 ferrum
530 1180 689 1242 strinxere
705 1190 890 1264 gementes,

51 1285 88 1344 Ut
102 1285 228 1346 dextrae
244 1277 321 1344 iusti
334 1279 464 1367 gladius
487 1280 651 1346 dissuasor
669 1282 832 1364 adhaesit,

51 1390 128 1450 Dum
142 1385 282 1468 feriunt,
297 1387 397 1452 odere
412 1404 503 1468 suos,
522 1387 716 1466 animosque
735 1389 885 1450 labantes

52 1491 241 1572 Confirmant
254 1490 332 1553 iona.
350 1492 489 1554 Fervent
502 1490 571 1552 iam
589 1501 694 1556 castra
710 1493 870 1576 tumultu,

53 1600 250 1672 Eteoelernm
264 1599 376 1672 turha:
396 1595 572 1678 rapiuntur
583 1599 669 1660 colla
686 1608 873 1680 parentum.
985 1587 990 1604 ‘

53 1705 92 1764 Ac
105 1702 190 1766 velut
202 1701 370 1790 occultum
386 1708 500 1782 pereat
512 1701 632 1783 scelus,
645 1703 759 1767 omnia
776 1711 925 1767 monstra

54 1807 85 1866 Iu
97 1805 172 1868 lacie
185 1823 325 1888 posuere
339 1801 477 1867 ducum:
497 1805 589 1866 iuvat
603 1825 671 1870 esse
687 1817 853 1872 nocentes.
885 1835 892 1850 .

85 1911 131 1972 Tu
149 1913 284 1992 Caesar,
304 1908 454 1992 quamvis
467 1909 627 1994 spoliatus
642 1911 749 1979 milite
768 1916 875 1980 multo

54 2014 196 2100 ignoscis
211 2013 370 2098 Superos:
391 2011 603 2093 nequeenim
619 2011 679 2074 tibi
689 2013 795 2076 maior
807 2014 843 2076 in
853 2016 941 2080 arvis

55 2118 196 2184 Emathiis
208 2120 341 2182 fortuna
354 2118 432 2199 luit,
454 2139 515 2216 nec
531 2117 693 2184 Phocidos
710 2119 808 2186 undis
936 2125 995 2187 256

55 2228 217 2308 Massiliae,
234 2225 353 2290 Phario
369 2246 431 2288 nec
447 2237 574 2290 tantum
589 2237 636 2291 cst
649 2247 792 2310 aequore
804 2237 942 2317 gestum.

57 2331 114 2393 Hoc
126 2331 289 2413 siquidem
300 2331 371 2394 solo
388 2325 495 2392 civilis
513 2328 653 2394 crimine
668 2332 750 2396 belli

57 2437 118 2500 llux
136 2457 252 2502 causae
272 2435 418 2502 melioris
432 2434 505 2500 eris.
522 2437 652 2500 Polluta
667 2440 811 2502 nefanda

57 2527 177 2627 lumina
194 2541 293 2606 caede
305 2539 404 2606 duces
421 2539 539 2602 iunctis
554 2541 757 2606 committere
774 2543 894 2624 castris,

58 2637 116 2711 Non
129 2651 263 2730 audent,
284 2649 435 2728 altaeque
452 2649 496 2710 ad
509 2647 642 2714 moenia
658 2669 769 2712 rursus
784 2650 941 2720 Hilerdac

59 2745 212 2812 Intendere
228 2745 351 2834 fugam.
372 2749 513 2832 Campos
526 2769 626 2829 eques
642 2745 761 2814 obvius
777 2737 894 2832 omnes

59 2857 195 2940 Abstulit,
212 2867 244 2919 et
256 2855 348 2920 siccis
366 2854 498 2920 inclusit
514 2855 654 2918 collibus
666 2858 805 2934 hostem.

59 2962 134 3027 Tunc
145 2965 260 3047 inopes
279 2963 387 3027 undae
406 2969 583 3044 praerupta
598 2961 732 3052 cingere
743 2962 830 3026 fossa

60 3071 158 3134 (laesor
170 3079 259 3156 avet,
272 3089 333 3132 nec
351 3077 455 3130 castra
471 3067 541 3148 pati
557 3066 747 3154 contingere
766 3069 873 3152 ripas,

61 3177 110 3240 dut
121 3179 242 3250 cirrum
255 3179 364 3265 largos
385 3173 517 3238 curvari
532 3172 667 3234 brachia
679 3173 795 3238 fontes·

90 3282 127 3343 Ut
139 3282 197 3346 leti
212 3283 323 3344 videre
335 3279 440 3361 viam,
453 3281 628 3344 conversus
642 3277 679 3340 itt
696 3279 782 3344 iram

63 3386 256 3474 Praecipitem
270 3384 370 3450 timor
385 3397 444 3458 est⁸¹
462 3382 573 3466 Miles,
587 3402 656 3446 non
671 3382 752 3446 utile
768 3383 888 3449 clausis

63 3495 227 3578 Auxilium,
243 3493 398 3567 mactavit
411 3510 529 3572 equos:
550 3490 745 3570 tandemque
763 3502 894 3560 coactus

63 3601 111 3682 Spe
121 3604 223 3686 posita
238 3605 396 3666 damnare
406 3601 539 3686 fugam,
548 3619 684 3664 casurus
696 3597 734 3662 in
747 3601 857 3666 hostes

64 3706 168 3774 Fertur.
180 3711 224 3774 Ut
238 3706 343 3774 effuso
361 3711 479 3770 Caesar
497 3707 669 3770 decurrere
687 3725 784 3787 passu

65 3810 156 3900 vidit,
173 3825 207 3882 et
219 3818 267 3880 ed
279 3825 404 3902 certam⁴
422 3815 557 3879 devotos
571 3809 705 3876 tendere
715 3819 874 3878 mortem:
