2824 4880
267 449 270 454 ·
381 431 439 492 ²4²
642 415 1087 478 PHARSALIAE
1182 424 1295 503 v.939.
1387 431 1388 518 l

378 554 527 638 Auxilio,
541 555 607 620 late
621 555 846 636 squalentibus
861 564 947 618 errat
964 549 1000 620 in
1014 557 1111 620 arvis.

378 665 431 730 Bi‘s
443 666 557 748 positis
566 667 698 728 Phoebe
709 665 865 745 flammis,
876 665 927 728 bis
938 667 1013 728 luce
1027 671 1181 748 recepta,

378 770 472 836 Vidit
481 769 697 854 arenivagum
711 787 850 854 surgens
862 767 1059 854 fugiensque
1070 772 1242 832 Catonem.

356 941 362 952 ,
417 878 553 960 Iamque
561 873 628 940 illis
636 874 742 960 magis
752 885 850 956 atque
859 873 966 960 magis
976 876 1149 939 durescere
1160 877 1269 959 pulvis

379 985 735 1068 Coepit‚etinterram
748 981 1141 1066 Libyespissatauedire.
1387 979 1388 1066 l

376 1095 514 1174 lamque
524 1094 642 1175 procul
649 1069 825 1154 nemorum
836 1110 930 1152 rarae
939 1110 974 1152 se
985 1091 1100 1152 tollere
1114 1090 1269 1156 frondes:

378 1203 519 1284 Surgere
535 1205 691 1282 congesto
707 1216 776 1259 non
790 1197 878 1258 culta
893 1195 1039 1277 mapalia
1056 1196 1178 1256 culmo.
1387 1267 1388 1286 ξ

377 1303 511 1386 Quanta
525 1298 616 1362 dedit
631 1297 760 1360 miseris
774 1296 920 1360 melioris
934 1297 1057 1383 gaudia
1074 1308 1199 1381 terrae,
1387 1287 1388 1356 l

377 1407 463 1467 Cum
476 1403 624 1486 primum
640 1421 754 1467 meros
768 1411 882 1464 contra
892 1400 1006 1463 videre
1020 1403 1153 1473 leones!

376 1509 532 1574 Proxima
549 1505 661 1592 Leptis
676 1519 762 1588 erat,
780 1507 873 1572 ouius
889 1506 1031 1570 statione
1046 1509 1159 1589 quieta

376 1616 521 1700 Exegere
536 1613 697 1696 hiemem,
718 1613 839 1676 nimbis
858 1613 1066 1696 flammisque
1080 1626 1255 1680 carentem.

418 1721 537 1802 Caesar
551 1729 588 1780 ut
600 1717 752 1780 Emathia
767 1717 902 1779 satiatus
915 1719 1010 1780 clade
1024 1719 1169 1802 recessit,

376 1830 492 1890 Cetera
504 1845 660 1885 curarum
675 1821 815 1906 proiecit
832 1825 998 1905 pondera,
1014 1824 1079 1887 soli

374 1934 524 1996 Intentus
537 1949 680 2016 genero:
696 1927 788 1992 cuius
801 1927 939 2015 vestigia
955 1929 1078 1994 frustra
1120 1945 1124 1952 '

374 2039 486 2104 Terris
500 2059 613 2121 sparsa
625 2035 753 2124 legens,
764 2038 853 2099 fama
868 2039 951 2100 duce
968 2041 1074 2103 tendit
1090 2041 1126 2106 in
1143 2047 1265 2129 undas,

375 2143 705 2228 Threiciasque'legit
717 2143 841 2224 fauces,
857 2152 887 2204 et
900 2163 1015 2208 amore
1025 2157 1181 2214 'notatum
1274 2153 1324 2235 954
1358 2211 1361 2228 ,

375 2252 525 2330 Aequor,
542 2258 574 2311 et
587 2251 713 2315 Heroas
729 2249 905 2313 lacrimoso
921 2251 1149 2338 litore-turres,

376 2359 451 2442 Qua
460 2356 586 2440 'pelago
598 2373 722 2416 nomen
732 2357 928 2437 Nepheleias
939 2361 1074 2422 abstulit
1088 2365 1197 2427 Helle.

375 2468 451 2527 Non
460 2463 572 2526 Asiam
581 2465 742 2528 brevioris
756 2486 862 2546 aquae
881 2467 1087 2534 disterminat
1106 2494 1248 2554 usquam

375 2571 507 2632 Fluctus
520 2569 563 2630 ab
576 2571 727 2651 Europa,
737 2570 888 2650 quamvis
904 2573 1085 2654 Byzantion
1102 2585 1175 2638 arto

375 2675 514 2754 Pontus,
531 2681 564 2734 et
579 2672 765 2734 ostriferam
779 2670 914 2736 dirimat
929 2674 1140 2740 Chalcedona
1152 2701 1269 2766 cursu,
1387 2707 1388 2782 ξ

375 2771 608 2856 Euxinumque
623 2775 732 2838 serens
742 2793 848 2856 parvo
861 2787 935 2838 ruat
947 2797 1005 2841 ore
1015 2780 1202 2863 Propontis.

374 2878 550 2966 Sigeasque
564 2877 647 2962 petit
660 2879 768 2941 famae
785 2877 924 2944 mirator
941 2902 1073 2964 arenas,

374 2985 415 3045 Et
428 2983 603 3046 Simoentis
617 3001 734 3064 aquas,
751 2992 783 3044 et
798 2983 899 3046 Graio
917 2987 1032 3052 nobile
1043 2990 1141 3053 busto

373 3089 557 3171 Rhoetion,
570 3099 602 3152 et
616 3091 758 3150 multum
775 3091 931 3155 debentes
941 3095 1071 3160 vatibus
1084 3101 1226 3165 umbras.

375 3193 501 3258 Circuit
514 3205 646 3259 exustae
663 3215 786 3258 nomen
802 3201 1020 3266 memorabile
1035 3204 1172 3289 Troiae,

373 3300 562 3384 Magnaque
578 3299 722 3362 Phoebei
740 3301 869 3380 quaerit
883 3303 1018 3390 vestigia
1034 3307 1135 3372 muri.

342 3431 348 3450 ·
373 3404 445 3464 lam
462 3389 565 3467 silvae
576 3403 715 3486 steriles,
728 3415 760 3466 et
773 3415 884 3486 putres
900 3408 1025 3471 robore
1039 3411 1149 3472 trunci

373 3507 521 3568 Assaraci
534 3527 680 3590 pressere
693 3509 827 3590 domos,
841 3519 874 3572 et
887 3513 1011 3593 templa
1023 3515 1172 3578 Deorum

372 3611 444 3673 Iam
458 3614 542 3677 lassa
559 3616 669 3680 radice
687 3626 813 3680 tenent:
828 3639 866 3680 ac
879 3629 945 3682 tota
958 3631 1114 3708 teguntur

372 3718 534 3804 Pergama
550 3723 710 3788 dumetis:
728 3723 827 3786 ctiam
842 3725 971 3807 periere
983 3726 1113 3790 ruinae.

373 3827 520 3912 Adspicit
536 3831 696 3897 Hesiones
710 3835 878 3920 scopulos,
895 3834 1077 3921 silvasque,
1095 3837 1232 3904 latentes
