2788 4880
253 359 256 366 ¹
343 411 488 474 ιη’
637 399 1078 470 rnnasnmau
1175 377 1297 482 atq.

380 547 577 632 Praecipitat
590 546 718 628 eastris,
735 546 928 625 iunctosque
942 527 1148 625 amplexibus
1164 559 1242 604 ense

378 655 529 736 Separat,
551 653 698 716 etmulto
711 650 872 714 disturbat
889 646 1050 734 sanguine
1070 667 1199 730 pacem.

379 760 535 825 Addidit
525 781 576 823 rra
593 761 686 824 ferox
700 768 847 822 moturas
861 753 988 841 proelia
1002 775 1119 820 voees·

378 865 558 929 Immemor
570 885 592 927 o
599 865 749 949 patriae,
765 866 936 954 signorum
951 863 1056 928 oblite
1070 875 1218 976 tumtum,

376 975 452 1035 Non
466 981 560 1054 potes
575 973 640 1035 hoc
656 989 792 1054 causae,
813 971 920 1054 miles,
940 982 1119 1055 praestare,
1122 951 1272 1036 Senatus

375 1082 531 1143 Adsertor
551 1079 639 1143 victo
655 1082 770 1144 redeas
788 1089 824 1142 ut
841 1082 996 1144 Caesare·
1013 1091 1100 1144 certe

377 1189 420 1251 Ut
435 1188 569 1251 vincare
582 1198 684 1271 potes.
704 1189 794 1250 Dum
811 1189 936 1252 ferrum
945 1189 1161 1271 ,incertaque
1171 1188 1257 1270 lata,

375 1291 507 1376 Quique
518 1293 596 1354 fluat
611 1292 716 1366 multo
727 1309 796 1356 non
807 1292 913 1354 deerit
930 1294 1069 1356 vulnere
1083 1289 1237 1376 sanguis,

373 1394 466 1456 Ibitis
482 1396 525 1457 ad
538 1393 741 1456 dominum?
755 1395 1018 1474 damnataque'
992 1415 1087 1498 signa
1105 1393 1238 1458 teretis?

251 1570 255 1580 Ι
373 1501 483 1582 thue
495 1501 615 1562 habeat
631 1499 773 1562 famulos
786 1500 881 1562 nullo
897 1485 1086 1562 discrimine
1100 1499 1261 1560 Caesar

372 1607 565 1669 Exorandus
574 1603 659 1666 ent?
674 1604 812 1667 ducibus
827 1623 959 1684 quoque
977 1603 1046 1667 vita
1059 1603 1203 1686 petenda·
1217 1602 1282 1666 est?

372 1711 550 1790 Nunquam
565 1718 675 1772 nostra
689 1709 778 1770 salus
790 1708 936 1791 pretium
949 1727 1139 1788 mercesque
1148 1706 1306 1814 nefandae

371 1811 572 1876 Proditionis
590 1810 667 1874 erit:
682 1830 751 1874 non
760 1811 824 1874 boc
837 1811 950 1876 civilia
965 1813 1073 1894 bella,

332 1953 334 1959 ·
371 1917 457 1978 Ut
428 1936 589 1999 muamus,
606 1926 718 2003 agunt.
736 1914 916 1978 Trahimur
925 1919 987 1980 sub
1000 1915 1137 1980 nomine
1150 1917 1250 2000 pacis.

369 2024 444 2086 Non
457 2023 635 2106 chalybem
647 2029 761 2107 gentes
772 2020 907 2103 penitus
928 2022 1076 2108 fugiente
1092 2027 1229 2088 metallo

369 2130 545 2210 Eruerent‚
561 2127 647 2190 nulli
660 2125 822 2208 vallarent
837 2127 963 2210 oppida
975 2129 1083 2212 muri,
1264 2149 1317 2206 ιιι

353 2235 443 2295 ΙΝοιι
453 2231 629 2314 sonipesin
639 2233 728 2294 bella
739 2231 844 2314 ferox,
859 2253 928 2296 uon
944 2233 1008 2298 iret
1018 2234 1055 2299 in
1068 2253 1194 2318 aequor

339 2346 344 2352 ”
367 2343 562 2429 Turrigeras
579 2340 688 2406 classis
700 2343 819 2427 pelago
835 2361 987 2424 sparsura
1002 2344 1147 2428 carinas,

267 2492 271 2502 -
366 2449 401 2512 Si
417 2451 503 2534 bene
516 2447 651 2510 libertas
661 2465 809 2526 nuquam
826 2467 889 2529 pro
906 2467 988 2530 pace
1008 2451 1153 2514 daretur.

366 2561 485 2623 Hostes
501 2575 621 2639 nempe
639 2573 731 2617 meos
749 2554 864 2618 sceleri
879 2553 987 2618 iurata
1007 2557 1152 2624 nefando

365 2652 575 2728 sacramenta
594 2671 723 2726 tenent:
736 2671 770 2724 at
785 2663 880 2726 vobis
894 2663 993 2728 vilior
1010 2667 1075 2728 hoc
1094 2674 1143 2730 est

397 2779 482 2833 estra
493 2766 590 2849 fides,
607 2768 698 2847 quod
712 2787 774 2849 pro
789 2786 886 2831 cansa
899 2768 1091 2854 pugnabitis
1103 2787 1219 2850 aequa.

405 2875 573 2938 dveniam
588 2891 721 2956 sperare
737 2873 830 2936 licet:
845 2893 908 2957 pro
918 2874 991 2936 dira
1004 2873 1144 2957 pudoris

258 3055 262 3062 Ι
362 2982 388 3041 F
389 2985 505 3043 uneral
524 2998 614 3042 nune
623 2985 699 3085 Xtoto
713 2975 880 3038 fatorum'
869 2997 1004 3062 ignarus
1019 2979 1056 3042 iu
1075 2982 1170 3064 orbe,
1374 2989 1375 3053 t

359 3087 610 3172 Magne,paras
622 3101 722 3163 acres,
739 3080 922 3162 mundique
934 3093 1079 3148 extrema
1090 3092 1236 3151 tenentes
1372 3069 1374 3141 i

361 3191 523 3254 Sollicitas
540 3212 652 3278 reges,
671 3209 747 3251 cum
763 3187 875 3250 forsan
891 3189 1024 3260 foedere
1041 3202 1155 3258 nostro

360 3300 431 3361 Iam
445 3297 506 3362 tihi
518 3297 558 3360 sit
573 3295 734 3380 promissa
746 3295 843 3358 salus.
860 3294 913 3358 Sic
930 3296 1035 3380 fatur,
1049 3309 1083 3364 et
1093 3317 1211 3368 omnes

360 3400 528 3470 concussit
541 3407 680 3480 mentes,
701 3397 926 3478 scelerumque
941 3400 1072 3464 reduxit
1087 3418 1244 3466 amorem.

400 3504 524 3568 Sicubi
538 3505 689 3566 desuetae
705 3498 797 3564 silvis
811 3497 846 3561 in
861 3493 991 3566 carcere
1005 3506 1116 3570 clauso

357 3615 572 3675 Mansuevere
587 3607 691 3687 ferae,
706 3615 738 3668 et
750 3605 860 3669 vultus
873 3626 1014 3688 posuere
1030 3611 1190 3693 minaces,

356 3722 462 3798 Atque
474 3713 644 3777 hominem
660 3709 804 3776 didicere
821 3701 911 3793 pati3
933 3713 962 3778 si
978 3716 1101 3780 torrida
1120 3733 1241 3800 parvus

356 3821 456 3894 Venit
467 3822 505 3884 in
515 3837 573 3885 ora
582 3833 702 3900 eruor,
713 3817 854 3882 redeunt
865 3818 1037 3904 rabiesque
1051 3821 1228 3906 furorque,
