2852 4878
359 407 399 468 ιι,
495 349 497 353 ’
598 383 1062 490 rnrnsnnrns
1146 394 1288 474 ¹nans

356 533 483 598 Ultima
499 529 659 616 Pompeio
673 534 808 598 dabitur
824 531 1020 617 provincia,
1037 533 1178 617 Caesam

357 644 460 728 Quod
476 661 562 722 non,
576 639 732 704 uictrices¹
746 641 874 722 aquilas
891 629 1058 723 deponere
1077 641 1202 728 iussus,
1304 687 1312 699 .

242 787 245 792 -
356 745 549 810 Paruerim?
566 745 652 808 Mihi
671 746 700 810 si
717 765 842 810 merces
857 756 969 830 erepta
983 747 1142 822 ¹laborum
1156 756 1222 836 est,

356 847 418 929 His
430 849 547 910 saltem
560 847 672 932 longi,
687 867 757 910 non
771 867 825 909 me
838 848 940 928 duee,
962 848 1115 931 praemia
1132 851 1214 916 beiti
1232 883 1235 936 g
1254 881 1261 912 s

355 957 568 1020 Reddunturr
580 955 677 1019 miles
694 955 757 1018 sub
778 953 932 1036 quolibet
941 951 1004 1024 iste
1023 955 1215 1040 triumphet.
1328 979 1330 984 ·

355 1059 512 1129 Conferet
523 1065 701 1151 exsanguis
716 1081 785 1146 quo
799 1083 835 1127 se
847 1072 922 1148 post
935 1063 1026 1126 bella
1039 1068 1215 1130 senectus?

356 1173 451 1257 Quae
467 1172 560 1236 sedes
575 1171 639 1233 erit
652 1167 820 1232 emeritis?
837 1185 924 1248 quae
941 1186 1022 1230 rura
1037 1167 1227 1251 dabuntur„

356 1275 451 1359 Quae
466 1283 578 1338 noster
593 1283 766 1336 veteranus
783 1273 876 1342 aret?
886 1271 979 1353 'quae
995 1271 1129 1335 moenia
1146 1273 1264 1344 sessis?

355 1384 407 1447 An
419 1380 538 1444 melius
551 1377 632 1442 fient
651 1378 793 1462 piratae,
811 1379 953 1464 Magne,
978 1375 1112 1442 coloni?

354 1483 477 1547 Tollite
490 1483 698 1568 iampridem
709 1483 875 1567 victricia,
895 1483 1001 1548 tollite
1020 1483 1139 1570 signat
1212 1538 1216 1544 .

354 1587 492 1655 Viribus
503 1589 665 1680 utendum
675 1596 739 1671 est,
758 1605 841 1668 quas
852 1585 1003 1652 fecimus.
1022 1589 1125 1649 Arma
1144 1585 1274 1651 tenenti

356 1694 481 1760 Omnia
496 1697 568 1778 dat,
586 1696 646 1778 qui
658 1695 742 1759 iusta
755 1701 864 1782 negat.
881 1697 949 1758 Nec
964 1693 1108 1758 numina
1124 1697 1287 1760 doen-'unte
1310 1773 1313 1778 Ι

354 1803 440 1864 Nam
458 1821 568 1882 neque
584 1801 710 1885 praeda
721 1801 819 1886 meis,
838 1806 950 1883 neque
965 1819 1108 1887 regnum
1122 1801 1297 1881 quaeritur

462 1891 468 1914 β
1033 1903 1154 1984 armis3
1274 1885 1277 1892 Ι

354 2010 568 2078 Detrahimus
586 2011 740 2076 dominos
756 2009 834 2098 urbi
848 2007 979 2084 servire⁴
987 2021 1133 2093 paratae.
1265 2007 1330 2076 351'

394 2119 551 2182 Dixerat:
569 2129 603 2182 at
618 2119 758 2182 dubium
772 2137 842 2185 non
859 2120 951 2181 claro
965 2138 1139 2182 murmure
1149 2119 1273 2206 vnlfflrs

353 2225 473 2288 Secum
485 2225 613 2288 ineerta
628 2223 760 2288 fremit:
781 2223 901 2307 pietas,
920 2223 1089 2308 patriique
1106 2235 1243 2308 penates

354 2333 567 2417 Quamquam
576 2331 677 2394 caede
689 2331 776 2392 feras
789 2341 932 2413 mentes,
950 2331 1146 2412 animosque
1158 2338 1329 2398 tumentes

354 2444 539 2528 Frangunt3
551 2443 610 2504 sed
622 2441 697 2502 diro
712 2439 792 2526 ferri
805 2450 1006 2502 revocantur
1019 2457 1151 2521 amore,

354 2543 574 2626 Ductorisque
590 2527 701 2606 metus
711 2543 840 2606 Summi
855 2553 925 2606 tum
945 2562 1085 2605 munera
1102 2541 1165 2625 pili

317 2635 320 2642 ¹
354 2649 504 2732 Laelius,
524 2647 722 2730 emeritique
735 2667 854 2736 gerens
869 2647 1014 2734 insignia
1031 2646 1132 2728 doni,

354 2756 482 2820 Servati
495 2752 578 2820 civis
591 2755 789 2820 referentem
805 2754 955 2839 praemis
972 2775 1148 2836 quercum,

354 2846 495 2945 silicet,
516 2864 696 2946 exclamat,
710 2860 855 2930 Romani
865 2861 1009 2928 maxime
1021 2869 1132 2924 reotor

355 2967 522 3051 Nominis,
541 2977 574 3030 et
584 2967 633 3032 tas
645 2951 694 3034 est
710 2985 806 3031 veras
822 2985 1017 3049 expromere
1037 2983 1154 3042 voces3

324 3072 327 3080 '
356 3077 457 3160 Quod
474 3083 543 3136 tam
559 3074 650 3135 lenta
669 3082 740 3135 tuas
762 3069 866 3133 tenuit
884 3067 1169 3152 patientiarum,

264 3251 267 3258 ‚
356 3177 611 3259 Conquerimur.
625 3179 791 3242 Deeratne
809 3159 873 3269 tibi
883 3171 1006 3236 fiducia
1021 3172 1148 3239 nostri?

356 3285 446 3348 Dum
456 3287 658 3374 movethaee
667 3283 794 3347 calidus
807 3279 968 3364 spirantia
981 3297 1123 3362 eorpora
1135 3273 1293 3364 sanguis,

356 3386 397 3448 Et
406 3380 488 3448 duni
498 3381 568 3467 pila
583 3384 696 3446 valent
712 3383 814 3462 fortes
819 3388 977 3472 'torquere
991 3374 1123 3460 lacerti,

356 3493 563 3577 Degenerem
576 3488 701 3571 patiere
717 3497 845 3573 togam,
865 3503 1074 3570 regnumque
1084 3475 1254 3546 Senatus?

357 3602 469 3680 Usque
482 3597 566 3658 adeo
584 3577 744 3658 miserum
755 3603 804 3656 est
814 3591 907 3655 civiti
917 3583 1050 3654 tinoere
1066 3591 1179 3654 bello?

356 3705 430 3766 Duo
439 3721 500 3788 age
511 3719 572 3782 per
581 3699 737 3781 Scythiae
748 3698 891 3782 populos
900 3741 910 3779 ,
920 3717 981 3780 per
988 3694 1157 3779 inhospita
1165 3693 1275 3782 Syrtis

357 3806 488 3888 Litora,
502 3825 564 3890 per
574 3802 697 3870 ualidas
709 3803 838 3890 Libyae
847 3801 989 3868 sitientis
1004 3817 1130 3867 arenas·
1188 3891 1196 3914 .
