2790 4874
344 420 403 481 aaa
600 393 1039 462 runnsnbtna
1132 399 1256 461 mddfi.

341 549 497 631 Pendeat,
516 555 549 610 et
567 555 675 612 tanuss
691 555 788 632 eaput
800 547 864 631 boe
878 543 941 608 sibi
957 544 1070 610 iecerit
1086 546 1193 631 erbis,

340 658 484 726 Saevitia
494 668 542 724 est
552 655 692 721 voluisse
710 653 806 720 mori.
827 655 986 717 Nullusne
1001 663 1134 718 tuorum

341 769 489 834 Emeruit
504 766 677 848 comitum,
699 764 774 829 fatis
787 783 857 828 non
868 781 964 846 posse
974 772 1137 845 superstes

341 879 418 941 Esse
435 876 521 939 tuis?
537 895 612 939 cum
625 883 657 938 te
670 883 800 956 raperet
814 891 922 952 mare,
939 890 1079 954 corpora
1092 873 1202 959 segnis

341 989 458 1051 Nostra
474 1005 574 1068 sopor
586 981 699 1047 tenuit.
714 981 820 1044 Pudet
833 983 918 1042 heui
938 979 1015 1043 Tibi
1028 1001 1125 1045 eausa
1134 983 1298 1064 petendae

340 1095 500 1160 Haeeluit
508 1094 700 1180 Hesperiae?
710 1093 818 1159 visum
826 1101 874 1158 est
883 1093 1297 1176 committerequemquam

341 1206 425 1267 Tam
433 1222 532 1266 saevo
541 1203 674 1268 crudele
683 1202 789 1264 mari?
803 1203 879 1264 Sors
893 1201 1010 1264 ultima
1026 1221 1139 1264 rerum

341 1317 382 1381 In
398 1315 515 1378 dubios
528 1335 643 1396 casus„
654 1324 686 1377 et
699 1333 804 1397 prona
817 1313 965 1397 pericula
979 1313 1096 1378 mortis

341 1427 562 1511 Praecipitare
572 1429 664 1492 solet.
684 1427 803 1491 Mundi
812 1427 879 1491 iam
893 1445 1022 1491 summa
1036 1435 1203 1491 tenentem

342 1535 530 1602 Permisisse
539 1535 641 1600 mari!
657 1547 783 1601 tantum
793 1537 874 1619 quid
885 1537 1026 1602 numina
1036 1535 1160 1602 lassas?
1234 1521 1239 1576 ἶ

343 1641 470 1708 Sufficit
487 1645 530 1706 ad
546 1645 651 1708 fatum
665 1643 746 1707 belli
758 1643 853 1710 favor
868 1643 943 1727 iste,
964 1645 1124 1724 laborque

343 1760 524 1841 Fortunae,
541 1761 631 1840 quod
648 1770 678 1824 te
696 1759 815 1824 nostris
830 1757 969 1846 impegit
984 1758 1115 1821 arenis?

344 1863 433 1929 Hine
451 1887 528 1930 usus
540 1869 695 1950 placuere
710 1865 834 1950 Deum,
849 1888 918 1931 non
931 1875 1039 1930 rector
1051 1875 1088 1930 ut
1098 1865 1203 1948 orbis,

344 1976 413 2038 Nee
426 1974 579 2038 dominus
591 1996 721 2060 rerum,
733 1978 792 2039 sed
807 1974 887 2038 felix
902 1976 1080 2062 naufragus
1096 1977 1204 2039 esses?

344 2082 439 2146 Talia
453 2082 626 2167 iactantes,
645 2085 789 2150 discussa
802 2093 913 2167 noete,
927 2105 1061 2150 serenus

345 2189 518 2272 Oppressit
531 2211 607 2252 eum
619 2193 688 2254 sole
699 2191 783 2272 dies,
801 2192 988 2272 fessumque
1001 2199 1162 2254 tumentes
1240 2210 1294 2270 7⁰²

221 2360 229 2368 ,
345 2295 539 2379 Composuit
548 2299 699 2383 pelagus,
712 2297 817 2361 sentis
827 2299 1046 2382 patientibus,
1063 2300 1179 2360 undas.

385 2403 533 2464 Necnon
545 2401 698 2485 Hesperii
712 2405 868 2468 lassatum
885 2403 1036 2469 fluctibus
1048 2421 1173 2484 aequor

345 2506 391 2567 Ut
407 2504 520 2570 videre
536 2509 653 2598 duces,
667 2529 855 2590 purumque
866 2507 1038 2596 ipsurgere
1050 2509 1143 2572 eoelo

346 2613 545 2697 Fracturum
553 2615 690 2701 pelagus
702 2619 856 2698 Βοιειιιι,
874 2616 1006 2684 solvere·
1024 2614 1165 2678 carinas:

345 2720 438 2802 Quas
448 2731 581 2802 ventus,
596 2724 775 2804 doctaeque
785 2722 859 2806 pari
872 2723 1102 2788 moderamine
1113 2725 1245 2788 dextrae

347 2825 527 2892 Permixtas
542 2829 689 2892 habuere
700 2829 774 2906 diu;
791 2830 961 2910 latumque
978 2850 1038 2914 per
1055 2849 1192 2918 aequor,

347 2931 393 2990 Ut
404 2939 568 3014 terrestre,
585 2931 651 2996 coit
659 2925 840 3020 ‚nomenis
854 2933 1037 3018 puppibus,
1051 2951 1184 3025 agmeus

348 3039 414 3102 Sed
428 3059 495 3104 nox
511 3062 608 3105 saeva
620 3046 758 3108 modum
771 3047 877 3129 venti,
893 3048 1023 3130 velique
1037 3060 1197 3114 tenorem

348 3141 478 3224 Enipuit
494 3145 616 3228 nautis,
633 3149 836 3229 excussitque
854 3151 971 3214 ordine
986 3175 1123 3248 puppes.

347 3244 567 3326 Strymona
540 3269 588 3311 ιιι
597 3250 760 3336 gelidum,
775 3254 894 3316 bruma
908 3256 1069 3338 pellente,
1086 3255 1275 3370 relinqurmt

349 3351 491 3414 Poturae
508 3362 556 3436 te,
573 3355 661 3437 Nile,
676 3375 789 3442 grues,
801 3357 976 3440 primoque
988 3363 1103 3424 volatu

253 3445 255 3452 ’
349 3456 519 3547 Effingunt
537 3465 664 3552 varias,
683 3486 759 3530 casu
774 3469 1144 3558 monstranterfigurae

350 3567 431 3628 Mox
443 3565 501 3630 ubi
519 3513 676 3651 percussit
692 3573 809 3638 densas
826 3578 929 3638 Notus
947 3576 1045 3640 altior
1059 3581 1147 3658 alas3

352 3673 512 3740 Conbrsos
526 3685 648 3744 temere
662 3681 832 3748 immixtae
844 3685 1070 3770 glomerantur
1084 3686 1121 3752 in
1136 3689 1247 3768 orbes,

352 3780 393 3840 Et
406 3782 637 3889 turbataperit
653 3786 807 3884 dispersis
824 3789 920 3854 litera
933 3791 1060 3875 pennis·
