2788 4880
242 321 250 346 ’
352 381 416 452 nt·
608 373 1050 444 unissima
1144 369 1272 456 etp„

349 531 475 596 iratum
492 533 542 610 te,
553 529 703 608 Pharin,
719 525 846 590 ierem:
863 545 926 588 nec
938 525 1074 588 verbera
1089 526 1164 594 solo

349 637 477 718 Uteris,
493 645 526 700 st
542 632 703 701 stimulis:
723 622 924 698 flammasin
939 633 1065 698 viscera
1079 636 1210 722 mergis.

349 741 478 825 Accipit
492 749 525 804 et
542 741 673 804 frenosr
690 759 752 802 nec
769 747 898 802 tantum
917 739 1058 822 prodere
1068 738 1152 821 vati,
1170 783 1174 790 -

351 848 521 931 Quantum
534 843 633 922 scire,
646 843 733 906 licet.
753 842 853 907 Venit
867 852 957 906 aetas
973 843 1081 908 omnis
1096 844 1133 908 in
1148 864 1253 910 unam

351 949 564 1038 Congeriem,
582 946 806 1028 miserumque
815 957 970 1029 premunt
981 957 1030 1010 tot
1044 948 1155 1014 secula
1164 960 1291 1031 pectem

350 1059 456 1120 Tanta
472 1063 563 1140 patet
572 1073 685 1118 renim
702 1051 812 1134 series,
837 1063 937 1134 atque
952 1073 1051 1118 omne
1067 1055 1218 1122 futurum

350 1159 473 1224 Nititur
488 1159 524 1224 in
538 1161 666 1226 lucem:
682 1177 865 1236 vocemque
883 1155 1030 1239 petentia
1044 1156 1112 1220 iata
1153 1199 1163 1216 .

351 1267 639 1338 Luctanturtnon
654 1262 763 1346 prima
782 1259 869 1343 dies,
891 1279 960 1324 non
973 1255 1092 1327 ultima
1109 1261 1246 1343 muudi,

351 1374 426 1435 Non
443 1373 562 1434 modus
578 1367 718 1448 Oceani,
737 1385 897 1441 uumerus
910 1384 986 1446 ‘pou
1004 1366 1117 1430 deerat
1133 1383 1265 1432 neum.
1375 1413 1379 1424 ,

351 1477 442 1545 Talis
456 1477 494 1541 ia
508 1475 657 1540 Euboico
676 1485 766 1538 vates
781 1475 931 1536 Cumana
949 1491 1094 1554 recessu,

351 1581 529 1667 Indignata
545 1600 643 1644 suum
657 1577 771 1641 multis
785 1576 910 1642 servire
929 1577 1076 1640 furorem

353 1681 529 1762 Gentibus,
543 1703 584 1744 ex
598 1691 689 1744 tanta
704 1679 848 1754 fatorum
862 1687 971 1766 strage
987 1680 1131 1761 superbo

352 1787 523 1872 Excerpsit
537 1791 690 1850 Romana
703 1805 817 1854 manu.
833 1782 887 1848 Sic
902 1785 1003 1868 plena
1018 1785 1148 1850 laborat

353 1897 543 1961 Phemonod
558 1895 711 1974 Phoebo,
728 1894 810 1956 dum
822 1900 853 1955 te
870 1893 1038 1958 oonsultor
1056 1889 1165 1975 operti

355 1998 496 2062 Castalia
509 1998 627 2060 tellure
644 1993 708 2058 Dei
723 1993 779 2058 rix
791 1992 935 2076 invenit,
948 1993 1054 2078 Appi,

353 2106 527 2170 Interiora
545 2105 603 2168 diu
621 2123 783 2192 quaereus
801 2111 869 2166 tam
883 2121 1005 2188 magna
1023 2103 1192 2168 latentem.
1257 2101 1306 2182 ιδῃ

354 2213 498 2296 Spumea
510 2223 589 2276 tunc
603 2211 749 2294 primum
768 2208 877 2272 rabies
889 2227 1011 2272 vesana
1022 2229 1084 2290 per
1101 2225 1166 2270 ora

354 2316 484 2399 nuruis,
496 2328 529 2382 et
545 2317 703 2404 gemitus,
720 2325 752 2378 et
763 2315 887 2380 artbelo
902 2315 992 2376 clara
1008 2323 1118 2376 meatu

247 2451 250 2454 ·
355 2425 547 2486 Murmura:
566 2432 646 2487 tuno
661 2427 804 2484 moestus
818 2417 917 2484 vastis
930 2421 1076 2484 ululatus
1087 2418 1122 2482 in
1135 2418 1254 2502 anuis,

356 2525 594 2608 mucroneque
606 2532 742 2605 sonent,
756 2522 882 2586 domita
898 2521 965 2586 iam
983 2522 1129 2610 virgine,
1144 2544 1259 2596 voces:

357 2625 485 2715 Effugis
499 2631 665 2718 ingentes,
683 2628 765 2694 tanti
781 2629 981 2695 discriminis
996 2651 1129 2715 expers,

358 2734 540 2817 Bellorum,
556 2736 722 2826 Romane,
733 2732 860 2798 minas:
875 2735 1031 2816 solusque
1049 2734 1198 2818 qtu'otom

357 2834 499 2899 Euboici
512 2847 604 2909 vasta
615 2838 727 2902 lateris
742 2837 893 2902 convalle
909 2839 1045 2904 tenebis.

360 2943 476 3004 Cetera
488 2944 682 3028 suppressit,
692 2946 869 3026 faucesque
884 2946 1046 3012 obstruxit
1056 2948 1187 3030 Apollo.

402 3048 559 3110 Custodes
572 3047 716 3132 tripodes
730 3049 891 3133 fatorum,
904 3071 1090 3133 arcanaque
1106 3051 1243 3137 mundi,

361 3148 478 3225 Tuque
491 3155 609 3231 poteris
623 3152 713 3234 veri,
725 3155 852 3237 Paean,
868 3156 1064 3236 nullumque
1076 3155 1183 3227 futuri

362 3251 535 3348 rt'Superis
549 3261 651 3322 celate
664 3259 768 3344 diem,
781 3281 936 3346 suprema
951 3263 1077 3326 ruentis

361 3357 515 3446 Imperii,
529 3383 704 3448 caesosque
714 3367 830 3449 ducos,
848 3376 880 3428 et
898 3367 1017 3430 funera
1033 3387 1170 3454 regum,

271 3490 273 3496 ·
329 3513 332 3520 »
363 3449 404 3538 dt
419 3479 467 3532 tot
479 3469 516 3533 in
531 3471 692 3556 Hesperio
709 3473 869 3557 collapsas
878 3473 1040 3560 sanguine
1047 3484 1162 3561 gentes

364 3571 433 3631 Cur
446 3572 575 3653 aperire
592 3573 712 3640 dmm?
727 3593 771 3638 an
784 3573 934 3646 nondum
948 3575 1088 3664 pumina
1103 3585 1231 3642 tantum

231 3679 233 3690 ’
364 3675 549 3740 Decrevere
561 3678 677 3746 neos?
690 3692 724 3745 et
740 3683 850 3750 adhue
868 3681 1094 3748 dubitantibus
1105 3682 1203 3752 ostris
1263 3771 1266 3782 Ι

365 3781 688 3865 Pompeiidamnare
701 3799 817 3874 caput,
832 3800 879 3854 tot
894 3791 961 3856 tata
976 3783 1151 3864 ubertum
