2824 4880
382 435 440 516 196
638 428 1123 492 PHARSALIAE'
1184 435 1307 514 v.367.

378 574 452 652 Illic
466 580 498 636 et
518 574 608 636 laxas
620 582 741 653 vestes,
757 581 789 634 et
806 549 1054 634 fluxavirorum

378 681 575 746 Velamenta
584 678 685 740 vides.
704 678 845 740 Parthus
859 697 921 759 per
932 675 1063 740 Medica
1080 695 1176 761 rura,

344 852 350 868 ,
379 783 575 852 Sarmaticos
588 781 676 844 inter
692 799 842 864 campos,
853 775 1023 862 effusaque
1036 782 1140 864 plano

377 888 521 977 Tigridis
533 907 612 950 arva
624 887 711 968 solo,
725 885 812 948 nulli
824 885 1021 968 superabilis
1035 887 1122 950 hosti
1136 897 1186 952 est

376 997 544 1063 Libertate
556 996 673 1082 fugae:
689 995 749 1058 sed
762 1013 846 1080 nou,
859 991 918 1056 ubi
933 1001 1019 1056 terra
1032 995 1191 1078 tumebit,

376 1107 502 1186 Aspera
516 1096 715 1169 cousciendet
725 1096 848 1160 montis
863 1095 960 1184 iuga3
973 1119 1036 1160 nec
1050 1119 1111 1180 per
1124 1118 1247 1182 opacas

369 1211 469 1275 'Bella
484 1219 576 1295 geret
594 1207 745 1270 tenebras
761 1205 889 1268 incerto
905 1204 1025 1268 debilis
1041 1223 1138 1287 arcu,
1201 1241 1206 1254 ι

376 1319 445 1381 Nec
458 1316 588 1402 franget
603 1313 717 1376 nando
730 1309 870 1374 violenti
883 1311 1018 1376 vorticis
1031 1328 1183 1396 amnem,

376 1425 446 1486 Nec
460 1430 526 1486 tota
539 1419 575 1482 in
594 1437 710 1504 pugna
726 1416 880 1500 perfusus
893 1416 1054 1504 sanguiue
1070 1421 1223 1482 membra
1238 1437 1242 1442 ·

375 1528 494 1614 Exiget
509 1524 671 1590 aestivum
688 1522 797 1587 calido
812 1525 875 1586 sub
888 1525 1027 1606 pulvere
1042 1525 1158 1587 solem.

376 1641 453 1701 Non
466 1635 550 1700 aries
567 1631 649 1716 illis,
661 1653 730 1702 non
745 1633 815 1697 ulla
831 1640 879 1696 est
895 1623 1051 1696 maehina
1068 1634 1170 1698 belli:

375 1747 478 1810 Haud
490 1745 592 1809 fossas
609 1743 749 1828 implere
761 1743 890 1808 valent:
911 1743 1101 1824 Parthoque
1115 1741 1264 1825 sequenti

375 1855 492 1919 Murus
507 1850 583 1930 erit,
595 1851 820 1930 quodeunque
837 1853 943 1930 potest
956 1851 1087 1914 obstare
1105 1849 1251 1937 sagittae.

374 1959 493 2044 Pugna
510 1956 610 2038 levis,
625 1957 817 2035 bellumque
834 1955 951 2042 fugax,
969 1963 1163 2038 turmaeque
1176 1966 1326 2046 vagantes,

375 2064 417 2125 Et
430 2059 553 2126 melior
567 2059 697 2123 cessisse
710 2059 798 2141 loeo,
813 2079 914 2140 quarn
931 2061 1072 2144 pellere,
1086 2061 1192 2126 miles.
1226 2146 1231 2154 Ι

374 2167 465 2232 Illita
480 2169 546 2230 tela
559 2167 658 2248 dolis,
673 2189 738 2232 nee
750 2171 892 2232 Martem
906 2168 1058 2234 cominus
1071 2191 1223 2252 unquam
1274 2171 1323 2232 aar

343 2299 348 2310 ·
375 2275 467 2362 Ausa
476 2271 547 2354 pati
556 2269 676 2352 virtus,
689 2272 748 2334 sed
761 2273 862 2358 longe
879 2273 1014 2336 tendere
1030 2291 1167 2356 nervos,

375 2379 434 2458 Et,
444 2395 512 2456 quo
525 2376 611 2440 ferre
622 2374 743 2457 velint,
758 2373 949 2458 permittere
959 2377 1099 2458 vulnera
1110 2377 1226 2442 ventis.

376 2482 471 2550 Ensis
484 2482 585 2546 habet
594 2479 682 2544 vires
687 2525 697 2563 ,
710 2489 741 2542 et
752 2501 833 2566 gens
847 2482 1223 2564 quaeeunquevirorum
1236 2492 1289 2566 est,
1393 2541 1394 2547 ,

375 2589 467 2652 Bella
479 2587 563 2675 gerit
577 2585 709 2674 gladiis.
726 2589 811 2648 Nam
824 2589 941 2651 Medos
956 2588 1086 2671 proelia
1103 2590 1213 2673 prima

375 2693 572 2774 Exarmant,
582 2711 772 2773 vacuaeque
789 2690 912 2756 iubent,
920 2703 1069 2756 remeare
1083 2696 1263 2776 pharetrae.

294 2824 296 2833 Α
376 2777 476 2862 Nulla
490 2817 610 2862 manus
622 2797 709 2880 illis,
723 2795 844 2862 fiducia
862 2808 930 2862 tota
941 2780 1062 2864 veneni
1078 2809 1137 2864 est.

357 2905 507 2996 &Credis
518 2909 657 2992 Magne,
667 2882 771 2988 viros,
785 2926 867 2986 quos
882 2904 919 2968 in
936 2904 1126 2970 discrimina
1139 2907 1222 2972 belli

377 3015 463 3076 Cum
479 3010 568 3076 ferro
584 3009 709 3074 misisse
721 3029 841 3094 parum
859 3013 931 3074 est?
947 3021 1072 3075 tentare
1085 3015 1273 3096 pudendum

375 3120 545 3184 Auxilium
561 3120 643 3183 tanti
657 3130 719 3203 est,
736 3131 804 3184 toto
824 3120 948 3208 divisus
960 3131 998 3184 ut
1011 3123 1093 3186 orbe

376 3231 405 3290 A
421 3237 507 3290 tarra
519 3225 663 3292 moriare
677 3229 758 3290 tua?
775 3227 836 3290 tibi
851 3229 996 3292 barbara
1010 3229 1108 3293 tellus

375 3333 574 3397 Incumbat?
590 3342 620 3395 te
638 3351 742 3416 parva
759 3342 871 3419 tegant
887 3353 926 3396 ac
936 3331 1015 3396 vilia
1032 3335 1146 3422 busta,

374 3437 544 3501 Invidiosa
558 3446 680 3520 tamen,
696 3441 811 3501 Crasso
821 3447 999 3519 quaerente
1013 3440 1226 3523 sepulcrum?

375 3543 441 3606 Sed
453 3551 511 3604 tua
527 3562 597 3606 sors
608 3543 730 3625 levior,
744 3543 904 3624 quoniam
919 3563 1008 3608 mors
1022 3544 1140 3608 ultima
1154 3563 1253 3629 poena
1262 3544 1304 3619 est,
1383 3591 1384 3611 .

374 3648 442 3709 Nee
455 3651 633 3713 metuenda
644 3650 733 3715 viris.
752 3655 794 3714 at
810 3672 879 3714 non
892 3651 1047 3716 Cornelia
1064 3655 1169 3716 letum
1280 3713 1282 3724 ,
1382 3679 1383 3717 t

373 3753 517 3817 Infando
530 3757 591 3820 sub
607 3775 685 3844 rege
694 3756 803 3832 timet.
819 3761 906 3820 Num
919 3761 1062 3822 barbara
1078 3758 1176 3824 nobis
1381 3763 1382 3823 l

374 3863 431 3930 Est
446 3862 560 3952 ignota
573 3867 703 3952 Venus,
721 3887 807 3950 quae
822 3868 888 3934 ritu
908 3889 1006 3936 caeca
1018 3850 1165 3936 ferarum
1380 3847 1381 3929 i

983 4061 997 4094 0
