2790 4874
265 362 549 460 suren
588 395 687 460 v11.
727 397 848 476 mu.
1022 397 1077 459 ιιι

105 540 181 603 Aut
199 536 303 614 ultrix
320 537 434 608 'lisura
452 538 540 622 dies,
561 539 740 626 stringente
759 521 913 624 ὃειιειῒιι,Ι
1015 549 1020 558 ’
1158 617 1160 625 ᾗ

105 643 177 706 Illa
195 651 292 707 nocte
307 645 477 724 pt'emunt,
497 645 588 706 hunc
606 641 713 706 infera
733 653 881 706 monstra
901 643 1078 730 flagellant.

106 747 152 808 Et
177 755 339 828 quantum
361 765 492 828 poenae,
510 745 631 808 misero
651 741 753 810 mens
767 745 898 809 muscia
921 748 1038 826 donat,

108 853 218 936 Quod
225 853 337 938 Styga,
352 853 442 932 quod
457 855 585 933 Manes,
599 849 935 937 ingestaqueTsrtara
945 848 1080 938 somnis,
1156 867 1158 876 ‘

108 961 275 1044 Pompeio
294 961 441 1042 vivente,
456 959 568 1022 videt!
592 962 718 1022 Tamen
736 958 848 1022 omnia
867 977 977 1042 passo,
1040 1037 1042 1048 Ι

108 1071 293 1149 Postquam
311 1067 399 1129 clara
419 1063 489 1143 dies
508 1063 696 1130 Pharsalica
717 1066 840 1127 damna
857 1063 989 1146 retexit,
1098 1134 1102 1142 f

109 1172 215 1236 Nulla
232 1169 297 1234 loci
315 1169 413 1256 facies
430 1179 562 1232 revocat
581 1167 738 1231 feralibus
757 1169 845 1232 arvis
908 1241 912 1248 ⁴
932 1241 936 1256 ,

109 1275 297 1337 Haerentes
314 1274 439 1336 oeulos.
460 1273 572 1336 Cernit
593 1275 750 1356 propulsa
767 1293 884 1337 cruore

110 1379 289 1463 Flumina,
307 1391 339 1443 et
356 1383 499 1456 excelsos
519 1356 660 1444 cumulis
681 1381 859 1462 aequantia
877 1381 979 1445 colles
1031 1369 1040 1395 '
1154 1413 1161 1435 ι

113 1471 279 1569 Corpora,
297 1487 439 1554 sidentes
455 1489 490 1552 in
509 1491 619 1552 tabem
644 1497 768 1574 spectat
787 1507 938 1570 acervos,

111 1591 156 1655 Et
174 1589 291 1678 Magni
309 1597 462 1654 numerat
477 1593 635 1675 populos:
658 1591 828 1674 epulisque
847 1599 984 1675 paratur
1104 1624 1110 1636 ·

111 1695 179 1758 Ille
195 1695 306 1777 locus,
325 1693 437 1758 vultus
457 1715 497 1757 ex
512 1715 580 1776 quo
594 1692 762 1777 'faciesque
776 1699 943 1762 iacentum

114 1801 295 1886 Agnoscat.
309 1801 405 1862 Iuvat
418 1800 605 1862 Emathiam
621 1821 689 1864 non
702 1823 836 1864 cernere
849 1811 986 1883 terram,

115 1909 158 1968 Et
179 1907 319 1968 lustrare
338 1904 442 1968 oculis
464 1925 603 1988 campos
618 1909 679 1970 suh
701 1909 794 1972 clade
812 1893 959 2000 latenth.

115 2014 315 2093 Fortunam,
334 2011 541 2093 superosque
556 2031 632 2074 suos
652 2011 688 2074 in
706 1994 868 2100 sanguine
886 2011 1001 2076 cernit.

115 2119 166 2183 Ac
187 2134 230 2178 ne
247 2117 332 2177 laeta
352 2115 465 2178 furens
484 2105 643 2178 scelerum
663 2120 848 2200 spectacula
866 2121 1000 2202 perdat,
1022 2136 1080 2202 797
1102 2203 1105 2224 1
1217 2203 1221 2211 1

116 2221 349 2308 Invidetignc
371 2219 445 2306 rogi
467 2219 611 2304 miseris,
630 2223 791 2306 coeloque
809 2223 943 2290 nocenti

117 2330 245 2418 Ingerit
258 2327 454 2392 Emathiam.
478 2331 553 2392 Non
573 2328 672 2392 illum
688 2331 818 2392 Poenus
836 2331 992 2392 humator

119 2433 290 2516 Consulis,
310 2441 342 2497 et
359 2431 487 2516 Libyca
504 2451 681 2497 succensae
699 2435 853 2517 lampade
870 2435 1004 2496 Cannae
1126 2465 1128 2470 ·

119 2529 350 2626 Compellunt,
366 2533 541 2603 hominum
559 2529 643 2604 ritus
663 2548 700 2602 ut
716 2549 823 2602 servet
836 2539 873 2601 in
890 2541 999 2602 hoste:

120 2651 189 2713 Sed
211 2645 362 2710 meminit
382 2647 532 2708 nondum
551 2645 667 2708 satiata
682 2645 837 2708 caedibus
853 2644 922 2728 ira,

122 2733 220 2822 Cives
233 2777 301 2820 esse
318 2773 404 2818 suos.
423 2753 568 2816 Petimus
586 2774 654 2816 non
670 2753 800 2840 singula
817 2757 911 2818 busta
916 2801 927 2836 ,

120 2863 356 2942 Discretosque
377 2879 490 2947 rogosr
508 2881 612 2924 unum
629 2861 672 2922 da
688 2859 843 2944 gentibus
855 2860 985 2946 ignem:

122 2967 201 3028 Non
216 2963 415 3046 interpositis
433 2959 574 3024 urantur
593 2981 734 3044 corpora
750 2962 901 3029 flammis.
1008 2983 1011 2988 ·

123 3071 192 3131 Aut
207 3067 321 3154 generi
339 3067 367 3130 si
385 3087 493 3150 poena
511 3065 621 3147 iuvat,
641 3085 757 3130 nemus
774 3079 903 3152 exstrue
914 3066 1027 3132 Pindi:

123 3172 226 3258 Erige
244 3181 412 3260 congestas
430 3173 556 3234 Oetaeo
577 3173 698 3257 robore
714 3169 828 3240 silvas=

124 3279 349 3370 Thessalicam
364 3279 475 3342 videat
491 3279 668 3364 Pompeius
688 3284 730 3345 ab
744 3289 887 3364 aequore
905 3285 1082 3352 flammam.

125 3385 185 3450 Nil
204 3385 274 3472 agis
288 3388 352 3449 hac
370 3385 435 3447 ira:
448 3389 588 3464 'tabesne
604 3390 764 3458 cadavera
780 3389 905 3470 solvat,
923 3436 925 3441 -
959 3445 961 3454 ,

126 3494 184 3556 An
201 3512 315 3580 rogus,
333 3490 425 3554 haud
441 3493 557 3555 relerts
571 3493 707 3582 placido
724 3497 848 3556 Natura
861 3481 1007 3578 receptat

128 3603 258 3664 Cuncta
275 3592 367 3680 sinu,
383 3597 550 3680 finemque
569 3599 622 3663 sui
639 3599 704 3664 sibi
723 3616 862 3683 corpora
877 3603 1008 3666 debent.

127 3707 218 3787 Hos,
240 3707 378 3786 Caesar,
392 3706 537 3788 'populos
556 3703 585 3769 si
602 3723 693 3768 nunc
710 3723 779 3766 non
801 3705 918 3768 usserit
932 3687 1037 3794 iguis,

127 3811 217 3874 Uret,
232 3809 436 3896 contentis,
454 3819 528 3882 uret
546 3831 622 3875 cum
639 3809 770 3901 gurgite
790 3810 894 3896 ponti.
929 3835 951 3846 ¹·
995 3837 996 3844 ¹
