2790 4874
365 419 569 486 LIBER
608 425 837 492 vivon.
925 427 928 436 '
1023 447 1081 517 149

114 566 285 629 Moestum
299 571 382 629 tecta
400 576 498 650 caput
515 567 678 654 squalenti
691 572 797 654 nube,
815 581 962 655 pererrat
1071 601 1077 622 ¹

114 671 272 754 Corpora
283 683 467 755 caesorum,
483 676 617 739 tumulis
632 675 778 760 proiecta
792 680 931 766 negatis.

115 777 290 843 Continuo
302 779 418 866 ingere
431 782 522 865 lupi,
538 771 653 870 fugere
661 783 803 847 revulsis

113 885 297 971 Unguibus
309 885 469 968 impastae
478 890 644 970 volucres,
660 889 742 958 dum
753 891 907 956 thessala
923 902 1033 957 vatem

114 987 239 1072 Eligit,
252 997 285 1049 et
298 987 424 1074 gelidas
439 991 506 1054 leto
522 1001 664 1055 scrutata
678 993 840 1058 medullas

114 1093 293 1160 Pulmonis
309 1093 409 1180 rigidi
422 1105 543 1162 stantes
554 1095 624 1160 sine
641 1099 781 1160 vulnere
802 1097 902 1162 fibras

113 1193 267 1276 Invenit,
283 1206 316 1258 et
331 1209 447 1260 vocem
461 1199 617 1263 defuncto
630 1200 666 1263 iu
686 1221 824 1285 corpore
836 1203 978 1284 quaerit.

114 1302 200 1364 Fata
215 1309 439 1383 peremtorum
450 1305 679 1386 prudentiam
696 1311 801 1372 mrrlta
817 1310 984 1394 virorum,

112 1409 230 1490 Quem
243 1405 378 1490 Superis
394 1427 562 1472 revocasse
576 1412 666 1474 velit.
682 1413 717 1474 Si
734 1415 848 1478 tollere
861 1425 944 1478 totas

115 1511 289 1573 Tentasset
305 1509 429 1592 campis
445 1509 547 1594 acies,
564 1523 597 1576 et
610 1517 748 1578 reddere
766 1518 874 1596 bello;

116 1617 296 1688 Cessissent
312 1619 401 1704 leges
413 1619 535 1702 Erebi,
560 1632 772 1704 monstroque
791 1623 918 1706 potenti

115 1725 292 1787 Extractus
305 1723 423 1808 Stygio
436 1727 581 1806 populus
592 1737 770 1810 pugnasset
788 1729 931 1789 Averno.

115 1832 270 1893 Electum
286 1830 418 1891 tandem
434 1829 569 1893 traiecto
584 1842 718 1917 gutture
736 1852 865 1915 corpus-

116 1937 234 2016 Ducit3
249 1947 281 1999 et
292 1935 416 1999 inserto
429 1936 556 2017 laqueis
571 1935 730 2000 feralibus
746 1956 836 2000 unco
844 1983 856 2019 ,

116 2049 184 2108 Per
198 2046 350 2127 scopulos
367 2043 525 2106 miserum
539 2042 696 2122 trahitur,
720 2061 781 2124 per
793 2061 871 2103 saxa
887 2041 1029 2104 cadaver

116 2146 315 2223 Victurum3
334 2143 521 2224 montisque
540 2143 628 2224 cavi,
647 2157 747 2224 quern
763 2141 863 2206 tristis
880 2143 1038 2206 Erichtho

116 2257 302 2316 Damnarat
317 2249 435 2332 sacris,
449 2251 517 2334 alta
535 2252 597 2313 sub
617 2269 701 2331 rupe
717 2249 854 2312 locetur.
1018 2251 1076 2324 641

160 2359 261 2420 Haud
277 2352 523 2439 procurabitis
537 2351 641 2416 caecis
653 2353 806 2436 depressa
824 2351 972 2416 cavernis

116 2463 162 2525 In
173 2479 328 2545 praeceps
346 2457 492 2522 subsedit
504 2459 639 2522 humus:
661 2477 762 2538 quarn
778 2457 904 2540 pallida
923 2453 1039 2540 pronis

118 2571 223 2655 Urget
239 2568 323 2630 silva
338 2567 456 2649 comis,
469 2576 502 2630 et
517 2569 611 2648 nullo
626 2566 747 2628 vertice
764 2569 894 2630 coelum

117 2669 321 2752 suspiciens,
341 2670 475 2732 Phoebo
491 2689 560 2731 non
572 2668 687 2752 pervia
701 2679 796 2732 taxus
812 2679 939 2752 opacat.
1060 2675 1064 2684 ’

116 2775 301 2835 Marcentes
314 2771 404 2835 intus
420 2773 586 2853 tenebrae,
606 2772 800 2853 pallensque
814 2774 876 2836 suh
893 2771 996 2836 antris

117 2880 237 2964 Longa
248 2887 347 2941 nocte
361 2878 457 2962 situs,
473 2899 663 2960 nunquam,
677 2878 741 2941 nisi
753 2880 898 2943 carmine
914 2882 1055 2962 iactum,

117 2982 249 3044 Lumen
262 2984 371 3045 habet.
391 2984 466 3044 Non
477 2982 654 3046 Taenareis
668 2981 714 3044 sic
734 2982 884 3046 faucibus
898 2990 955 3046 a'c'r

117 3086 211 3148 Sedit
225 3085 329 3168 iners,
342 3096 504 3150 moestum
520 3085 781 3150 mundioonfiue
798 3090 948 3173 latentis,

117 3191 169 3254 Ac
181 3192 305 3255 nostris
322 3211 390 3272 quo
405 3211 475 3255 non
492 3201 639 3256 metuant
657 3193 804 3274 emittere
821 3215 936 3260 manes

119 3295 270 3382 Tartarei
283 3318 385 3384 reges.
406 3301 490 3360 Nam
500 3297 650 3380 quamvis
664 3299 818 3361 Thessala
833 3311 925 3363 vates

119 3401 313 3486 Vim·.i'aciat
330 3402 425 3486 latis,
444 3405 582 3468 dubium
595 3414 660 3487 est,
675 3406 764 3485 quod
777 3403 911 3468 traxerit
925 3406 1006 3471 illuc

119 3506 273 3590 Adpiciat
286 3507 430 3596 Stygias,
449 3529 493 3574 an
512 3514 603 3598 quod
619 3511 822 3576 descenderit
840 3515 984 3578 umbras.

119 3612 288 3696 Discolor,
306 3625 338 3676 et
352 3615 446 3678 vario
462 3617 589 3679 furialis
604 3618 710 3682 cultus
725 3617 846 3681 amictu

120 3717 289 3799 Induitur,
307 3721 481 3800 vultusque
496 3721 642 3803 aperitur
658 3721 749 3783 crine
766 3731 908 3805 remoto,

122 3820 163 3886 Et
176 3839 272 3884 coma
289 3821 430 3906 vipereis
442 3821 678 3910 substringitur
688 3823 824 3888 horrida
834 3824 937 3892 sertis.
