2824 4880
1136 235 1147 276 t

388 431 446 494 tut
640 405 1089 514 'PHARSALIAE
1183 399 1309 468 ests

383 557 532 622 Aleidcse
553 571 733 638 passusque
747 553 862 636 inopes
879 550 950 614 sine
969 545 1116 636 pondere
1132 559 1261 628 ramos,

383 663 510 728 Retulit
519 661 675 746 Argolico
691 659 854 746 fulgentia
867 673 968 741 poma
987 665 1141 738 tyranno.
1274 731 1277 734 Ι
1394 715 1395 736 χ

425 767 485 829 His
498 763 601 850 igitur
614 759 751 845 depulsa
761 760 858 842 locis,
874 759 1043 839 eiectaque
1058 752 1168 820 classis
1394 749 1395 824 l

383 865 552 949 Syrtibus,
568 865 659 927 haud
676 866 762 926 ultra
776 860 1030 924 Garamantidas
1045 860 1152 946 attigit
1166 857 1293 951 uudas3
1394 899 1395 924 t

384 974 450 1036 sed
465 975 550 1035 duce
562 969 721 1054 Pompeio
734 969 862 1052 libyae
878 967 1024 1031 melioris
1040 968 1077 1030 iu
1090 967 1156 1030 oris

383 1077 517 1142 Mansit.
535 1080 577 1140 At
589 1075 765 1160 impatiens
779 1074 884 1138 virtus
902 1078 1038 1138 haerere
1052 1074 1187 1138 Catonis
1243 1103 1252 1157 ,¹

383 1183 493 1246 Audet
508 1181 545 1244 iu
562 1181 692 1268 ignotas
703 1199 825 1266 agmen
840 1179 1046 1242 committere
1060 1189 1193 1264 gentes,

384 1291 562 1354 Armorum
578 1286 701 1362 fidens3
715 1295 748 1350 et
763 1295 851 1370 terrq
867 1285 1000 1370 cingere
1018 1286 1143 1367 Syrtim

384 1396 476 1457 Haec
490 1393 605 1454 eadem
615 1388 900 1468 suadebatbiems,
915 1407 1000 1468 quae
1015 1388 1179 1450 clauserat
1189 1408 1322 1472 aequor.
1394 1383 1395 1428 ³

385 1497 426 1557 Et
437 1514 510 1576 spes
521 1493 630 1555 imber
638 1501 725 1573 erat,
745 1489 873 1554 nimios'
880 1489 1102 1554 metuentibus
1113 1491 1225 1578 ignes,
1394 1475 1395 1488 ἵ

286 1685 290 1694 Ι
385 1606 431 1665 Ut
446 1602 633 1683 nequesdle
643 1599 752 1680 viam,
766 1619 828 1662 nec
843 1597 929 1662 duro
944 1598 1069 1684 frigore
1082 1619 1233 1682 saevam,

385 1709 469 1772 Inde
481 1709 561 1790 polo
572 1705 713 1788 Libyes,
732 1703 811 1768 hinc
825 1705 946 1766 bruma
960 1712 1119 1786 temperet
1134 1724 1262 1791 annus:

387 1813 496 1892 Atque
512 1807 718 1895 ingressurus
733 1805 876 1888 steriles,
893 1805 941 1869 sic
953 1806 1058 1888 fatur,
1072 1825 1209 1872 orenass

429 1915 459 1976 0
475 1911 595 1994 quibus
608 1930 676 1974 una
689 1911 777 1974 salus
796 1909 923 1993 placuit
939 1931 1014 1974 mea
1030 1919 1135 1972 castra
1152 1908 1272 1976 secutis
1394 1915 1395 1994 }

386 2019 555 2084 Indomita
568 2017 696 2081 cervice
712 2017 816 2099 mori,
834 2017 1024 2100 componite
1039 2025 1177 2080 mentes¹
1394 2001 1395 2012 ἵ

387 2125 440 2186 Ad
451 2143 613 2208 magnum
624 2121 754 2186 virtutis
764 2143 866 2206 opus,
884 2138 1096 2202 summosque
1111 2124 1254 2188 labores.
1288 2124 1340 2188 su

387 2227 549 2290 Vadimus
559 2226 595 2290 in
607 2247 741 2310 campos
757 2228 901 2310 steriles,
914 2239 1092 2309 exustaque
1112 2231 1248 2312 mundi,

388 2336 464 2416 Qua
475 2331 597 2394 nimius
609 2333 723 2415 Titan,
742 2342 774 2396 et
791 2353 887 2397 rarae
903 2334 941 2397 in
954 2333 1100 2398 fontibus
1113 2338 1243 2420 undae,

389 2438 545 2518 Siccaque
562 2437 699 2527 letiferis
713 2439 866 2519 squalent
876 2439 1083 2522 serpentibus
1100 2457 1197 2522 arva,

300 2533 327 2560 ”⁴
388 2546 519 2611 Durum
531 2544 645 2606 iterad
654 2546 757 2632 loges,
768 2545 960 2628 patriaeque
971 2545 1095 2608 ruentis
1106 2565 1269 2612 amorem.

388 2653 606 2722 Permedium
616 2652 747 2736 Libyen
762 2653 914 2735 veniant,
931 2664 1034 2733 atque
1045 2651 1137 2714 invia
1156 2658 1300 2734 tentent,

300 2741 303 2752 ’
389 2759 425 2822 si
439 2757 560 2840 quibus
573 2760 610 2824 in
628 2759 723 2824 mullo
735 2759 880 2844 positum
898 2771 947 2822 est
960 2761 1100 2822 evadere
1114 2769 1206 2842 voto,
1299 2773 1302 2786 ’
1394 2729 1395 2820 l

389 2865 560 2947 siquibus
578 2866 685 2932 iresat
698 2876 761 2930 est:
773 2863 997 2949 (nequeenim
1007 2863 1092 2934 mihi
1102 2865 1218 2927 fallere
1231 2881 1338 2946 quem·

655 2989 659 2992 ·
942 2991 1044 3052 quam

391 3075 447 3137 Est
459 3074 606 3156 animus,
618 3083 770 3155 tectoque
780 3053 868 3136 metu
883 3075 1063 3156 perducere
1078 3075 1235 3161 vulgus.)
1279 3133 1281 3136 .

390 3180 437 3242 Hi
451 3179 534 3244 mibi
542 3181 607 3244 siut
616 3179 762 3264 comites,
776 3201 860 3262 quos
868 3180 941 3264 ipsa
950 3180 1097 3263 pericula
1107 3183 1247 3264 ducent,

392 3283 475 3368 Qui,
490 3305 544 3346 me
554 3293 648 3367 teste,
665 3285 735 3368 pati
750 3288 804 3350 rel
814 3305 899 3367 quae
914 3285 1111 3366 tristissima,
1121 3289 1310 3368 pulchrum,

391 3367 647 3471 Romanumqie
662 3401 789 3473 putant.
807 3395 850 3458 At
862 3391 920 3473 qui
934 3411 1092 3474 sponsore
1107 3389 1222 3452 salutis

391 3495 488 3558 Miles
498 3507 586 3581 eget,
600 3496 792 3580 capiturque
807 3495 938 3582 atrimae
952 3496 1143 3577 dulcedine,
1160 3497 1261 3556 vadat

392 3602 444 3663 Ad
459 3602 633 3666 dominum
650 3605 787 3668 meliore
803 3603 867 3665 via.
886 3605 974 3664 Dum
986 3603 1114 3686 primus
1131 3619 1248 3664 menas

392 3708 565 3793 Ingrediar
593 3709 786 3794 primusque
801 3711 922 3798 gradus
935 3709 973 3772 in
983 3711 1120 3792 pulvere
1133 3727 1274 3789 ponam,

393 3815 448 3874 Me
465 3812 554 3876 calor
564 3815 730 3880 aetherius
745 3815 856 3900 feriat,
870 3814 956 3884 mihi
966 3817 1067 3900 plena
1081 3829 1213 3878 veneno
