2790 4874
292 367 506 430 'eroon
546 369 616 434 vr.
655 327 687 431 νζ
713 373 781 452 817·

884 340 886 348 ’
959 375 1019 444 us

8 531 19 550 ·
66 513 243 592 Europam,
257 509 385 590 miseri,
398 509 624 594 Libyamque,
647 513 821 594 Asiamque
837 513 968 578 timete:

65 613 236 689 Distribuit
250 613 394 686 tumulos
404 614 524 704 vestris
536 616 681 690 Fortuna
701 616 889 709 triumphis.

66 719 97 779 0
115 715 297 780 miseranda
311 717 444 797 domus,
465 726 533 778 toto
546 717 631 780 nihil
646 721 726 782 orbe
745 720 873 798 videbis

63 822 176 891 Tutius
190 821 351 903 Emathia.
370 822 425 888 Sic
442 833 616 906 postquam
634 823 701 899 fatre
721 827 864 914 peregit,

64 932 132 1002 snt
144 929 236 1004 vultu
250 937 392 1004 moestu
405 927 523 1008 tanto,
543 938 751 1010 mortemque
767 933 920 1012 reposuit·

65 1032 273 1096 Carminibus
291 1030 427 1118 magicis
436 1051 521 1114 opus
536 1044 584 1095 est
597 1033 791 1114 herbisque,
805 1035 946 1098 cadaver

65 1143 111 1202 Ut
121 1140 226 1218 cadat,
240 1147 272 1200 et
284 1149 454 1220 nequeunt
470 1137 617 1220 animam
629 1138 691 1222 sibi
704 1141 841 1204 reddere
855 1139 940 1220 iata,

65 1249 243 1312 Consumto
259 1243 327 1306 iam
340 1242 412 1304 iure
430 1245 542 1306 semel.
561 1246 647 1306 Tum
664 1248 783 1308 robore
798 1248 904 1308 multo

64 1350 205 1414 Exstruit
213 1349 272 1413 illa
282 1369 418 1432 rogum:
435 1347 525 1412 seuit
536 1349 713 1414 desumus
729 1351 772 1411 ad
784 1348 895 1434 ignes:

65 1461 204 1521 Accensa
219 1457 374 1520 iuvenem
392 1457 536 1538 positum
553 1469 642 1521 strue
657 1458 755 1540 liquit
772 1443 945 1540 Erichtho,

64 1567 210 1626 Tandem
224 1581 319 1646 passa
336 1561 433 1624 mori.
454 1565 616 1646 Sextoque
629 1567 672 1626 ad
684 1553 788 1628 eas-tra
802 1565 948 1648 parentis

64 1669 94 1730 It
107 1687 230 1730 comes:
244 1678 277 1730 et
289 1670 385 1736 coelo
395 1667 478 1732 lucis
493 1671 634 1733 ducente
653 1671 813 1750 colorem,

64 1773 151 1832 Dum
165 1771 287 1846 ferrent
301 1781 386 1834 tutos
403 1771 491 1836 intra
505 1775 645 1837 tentoria
661 1794 805 1862 gressus,

20 1879 23 1886 '
64 1874 152 1940 Iussa
167 1885 276 1939 tenere
288 1875 377 1956 diem
397 1877 515 1954 denses
531 1899 599 1941 nox
610 1879 771 1972 praestitit
788 1881 930 1960 umbras.

368 2211 657 2248 ,W
752 2215 834 2238 '⁴¹
