2824 4880
134 387 188 428 ·.
278 356 861 424 ammonent-,ctu
995 373 1053 439 ²7⁸

84 504 154 593 Qui
164 505 266 569 modo
276 523 346 568 non
359 503 468 568 solum
481 499 600 587 rapido
616 500 779 586 permittit
794 501 942 564 habenas

85 610 318 699 Quadrupedi,
330 613 389 675 sed
402 612 492 676 calce
506 609 598 692 citat,
613 611 715 674 modo
726 619 856 691 torquet
868 608 905 673 in
919 625 1016 673 auras
1077 605 1080 612 ’

85 715 389 797 Flexibilesrictus,
401 723 434 778 et
447 735 538 776 nunc
553 711 681 776 cervice
698 719 806 780 rotata
1056 711 1059 720 '

83 823 207 910 Incipit
221 819 343 890 effusos
355 821 393 884 in
405 837 529 906 gyrum
545 838 681 901 carpere
698 837 823 882 cursus·

85 931 169 1016 Quis
183 951 253 994 non
267 926 425 992 attonitus
438 925 539 987 iudex
553 932 609 986 tua
625 920 760 1006 respicit
776 919 860 983 ora?

85 1035 170 1121 Quis
179 1035 263 1122 regit
273 1034 343 1117 ipse
353 1053 458 1112 suam,
469 1029 533 1094 nisi
543 1051 603 1114 per
613 1039 669 1092 tua
676 1028 841 1110 pondera,
854 1027 1025 1090 mentem?

85 1145 172 1204 Nam
183 1153 234 1224 tu,
244 1140 312 1206 sive
326 1140 408 1204 libet
420 1139 543 1224 pariter
556 1159 632 1202 cum
645 1133 808 1224 grandine
820 1135 970 1222 nimbos,

85 1249 262 1328 Densaque
272 1247 403 1310 vibrata
417 1245 555 1308 iaculari
568 1243 712 1308 fulmina
727 1243 860 1331 lingua,

87 1358 150 1418 Seu
167 1353 259 1416 iuvat
276 1353 446 1418 adstrictas
460 1352 497 1416 in
512 1354 640 1416 nodum
657 1371 776 1439 eogere
786 1371 900 1434 voeeS,

86 1458 127 1518 Et
143 1457 222 1518 dare
236 1457 351 1520 subtili
362 1456 491 1520 vivacia
500 1459 603 1520 verba
616 1462 769 1540 catenae,

86 1563 166 1628 Vim
179 1563 387 1646 Laertiadae,
401 1562 597 1628 brevitatem
607 1562 713 1628 vincis
723 1563 870 1628 Atridae.

86 1668 208 1732 Dulcia
221 1689 278 1732 seu
295 1668 414 1749 mavis,
427 1667 623 1748 liquidoque
641 1667 778 1732 fluentia
796 1690 894 1734 cursu

81 1777 213 1856 Verba,
226 1795 287 1836 nec
298 1773 445 1855 incluso,
461 1774 520 1835 sed
533 1782 647 1855 aperto
662 1771 802 1858 pingere
818 1775 915 1856 flore,

85 1877 205 1940 inclita
218 1877 366 1942 Nestorei
383 1878 469 1942 cedit
488 1877 548 1940 tibi
563 1875 671 1963 gratia
686 1877 807 1940 mellis.
876 1953 880 1960 ι

86 1982 154 2044 Nec
173 1991 220 2064 te,
235 1981 324 2063 Piso,
342 1991 453 2046 tamen
471 1983 598 2064 populo
615 1984 677 2045 sub
694 1981 805 2044 iudice
822 1983 894 2046 sola

86 2083 252 2148 Mirantur
265 2086 355 2163 fora3
377 2086 435 2148 sed
451 2105 628 2147 numerosa
641 2087 741 2148 laude
756 2088 894 2157 Senatus
1015 2089 1056 2154 66

85 2193 235 2278 Excipit,
254 2204 286 2257 ct
300 2193 435 2259 meritas
452 2192 561 2255 reddit
578 2193 638 2256 tibi
651 2193 743 2256 curia
757 2214 865 2258 voces.
925 2174 928 2180 ’

87 2303 170 2388 Quis
188 2303 290 2388 digne
309 2302 444 2383 referat,
463 2301 569 2382 qualis
584 2301 646 2365 tibi
664 2303 738 2364 luce
754 2305 816 2366 sub
831 2304 892 2366 illa

87 2409 202 2472 Gloria
218 2405 409 2494 contigerit,
428 2417 561 2489 quatu,
577 2407 735 2471 reticente
749 2411 886 2492 Senatu,

86 2518 172 2577 Cum
183 2526 240 2576 tua
257 2513 307 2576 bis
323 2533 419 2576 senos
432 2527 623 2576 numeraret
640 2533 790 2598 purpura
803 2515 921 2602 faseeS,

86 2615 283 2681 Caesareum
295 2619 391 2704 grato
404 2615 553 2680 cecinisti
568 2626 699 2700 pectore
716 2621 864 2682 numeni

85 2726 162 2786 Huc
175 2723 274 2785 etiam
290 2733 358 2785 tota
375 2721 542 2786 concurrit
557 2725 601 2786 ab
615 2726 699 2788 urhe
712 2723 868 2792 iuventus

85 2829 383 2912 Audituravirum,
395 2830 569 2912 siquando
584 2831 695 2926 iudice
708 2834 793 2898 fesso

87 2935 238 2999 Turbida
253 2937 390 3018 prolatis
409 2947 581 3000 tacuerunt
597 2937 706 3024 iurgia
720 2943 838 3004 rebus:

85 3040 181 3100 Tunc
195 3038 319 3100 etenim
333 3038 463 3101 levibus
475 3039 578 3101 veluti
593 3041 741 3123 proludit
752 3041 788 3103 in
804 3039 917 3124 armis,

85 3143 350 3228 Compositisque
364 3165 440 3208 suas
457 3157 587 3210 exercet
603 3148 716 3212 litibus
730 3159 826 3214 artes.

85 3249 177 3337 Quin
193 3251 292 3314 etiam
306 3251 413 3316 facilis
426 3255 579 3319 Romano
596 3246 733 3338 profluit
748 3278 807 3322 ore

17 3369 21 3380 '
85 3355 238 3436 Graecia,
251 3357 495 3439 Cecropiaeque
514 3369 609 3422 sonat
623 3360 734 3446 gravis
746 3362 895 3424 aemulus
910 3362 1030 3425 undae.

83 3459 189 3523 Testis
199 3459 348 3524 Acidalia
363 3483 450 3542 quae
464 3462 613 3526 condidit
628 3463 705 3528 alite
720 3484 850 3546 muros,

83 3568 266 3633 Euboicam
283 3570 428 3632 referens
443 3571 587 3634 fecunda
600 3570 753 3652 Neapolis
768 3591 889 3634 arcem.

84 3675 200 3760 Qualis
217 3674 250 3738 io
266 3676 398 3759 Superi,
416 3677 523 3756 qualis
541 3677 629 3752 nitor
645 3677 711 3738 oris
728 3677 877 3742 amoenis

83 3779 258 3844 Vocibus?
271 3780 350 3844 hinc
363 3781 471 3846 solido
487 3782 620 3868 fulgore
638 3781 796 3844 micantia
808 3785 912 3846 verba
