2824 4880
336 417 544 486 LIBER
584 415 816 512 IX·»v.397.
994 435 1054 500 ηαξ

85 563 250 628 Occurrat
262 584 417 650 serpenst
439 565 573 650 fatoque
587 566 737 652 pericula
752 583 861 638 vestra

82 670 293 736 Praetentate
309 687 402 734 meot
418 671 522 756 sitiat,
536 671 728 756 quicunque
745 677 915 746 bibentem

82 776 232 845 viderie
246 789 304 843 aut
313 783 447 844 umbras
460 800 636 844 nemorum
649 784 839 869 quicunque
848 797 1039 880 petentem„

82 888 238 952 Aestuet:
254 899 311 952 aut
324 889 468 972 equitem
476 889 626 974 peditum
642 895 840 974 praecedere
854 905 993 988 turm,

82 989 244 1057 Deficiet}
263 993 293 1058 ai
309 1013 377 1076 quo
393 995 494 1058 suerit
508 993 700 1058 discrimine
714 1005 850 1082 notum,

82 1102 179 1184 Dux,
190 1117 234 1164 an
246 1097 341 1166 miles
352 1117 436 1166 eam.
449 1103 605 1186 Serpens,
619 1102 704 1187 sitis,
720 1107 820 1170 ardor
833 1126 970 1195 arenae,
1067 1113 1071 1120 ’

82 1206 207 1271 Dulcia
223 1201 350 1272 virtuti.
369 1205 499 1272 Gaudet
511 1207 671 1292 patientia
687 1207 790 1275 durio

82 1306 219 1374 Laetius
231 1317 295 1392 eet,
310 1312 439 1392 quoties
456 1325 579 1398 magno
591 1311 656 1375 sihi
673 1325 817 1396 constat,
835 1315 1023 1391 honestum,
1052 1389 1055 1398 .

82 1414 162 1476 Sola
177 1423 285 1496 potest
300 1415 406 1498 Libye
420 1416 516 1477 turba
536 1424 704 1496 praestare
724 1417 905 1501 matorum,

82 1520 128 1586 Ut
145 1523 263 1586 deceat
274 1518 396 1606 fugisse
411 1521 510 1584 viros.
524 1519 648 1584 Sicilie
665 1532 823 1604 paventes

81 1627 239 1695 Incendit
249 1625 372 1692 virtute
386 1628 531 1710 animos,
547 1637 580 1692 et
589 1643 704 1691 amore
717 1629 890 1715 laborum,

81 1733 341 1813 Irreducemque
359 1729 449 1793 viam
469 1731 597 1794 deserto
610 1724 717 1795 limite
731 1733 855 1815 carpit3

82 1839 125 1900 Et
136 1855 269 1900 sacrum
280 1845 385 1920 parvo
400 1855 524 1898 nomen
541 1838 693 1900 clausura
706 1839 860 1922 sepulcro

82 1944 209 2010 Invasit
226 1944 334 2028 libye
351 1943 459 2009 securi
470 1939 537 2008 iata
553 1945 696 2008 Catonis.

122 2045 237 2112 Tertia
249 2068 326 2132 pars
343 2039 455 2111 rerum
468 2048 592 2131 Libye,
606 2049 636 2111 si
649 2042 785 2112 credere
801 2048 910 2113 famae
923 2067 928 2076 ’

81 2155 212 2220 Cuncta
224 2155 326 2218 velie:
346 2163 379 2216 at
391 2151 418 2216 si
431 2161 547 2216 ventos
566 2153 763 2234 coelumque
780 2154 945 2238 sequaris,
990 2163 1053 2234 tib

80 2257 162 2325 Pars
171 2260 237 2324 erit
245 2261 405 2342 Europae.
426 2260 541 2340 Neque
555 2257 645 2320 enim
659 2260 735 2341 plus
753 2252 852 2321 litora
865 2259 952 2344 Nili,
1066 2291 1068 2298 ·

82 2373 193 2456 Quam
205 2349 380 2453 Scythicus
397 2363 518 2432 Tanais
534 2366 651 2451 primis
669 2369 712 2432 ab
727 2365 875 2430 Gadibus
892 2368 1029 2433 absunt:

82 2472 180 2540 Unde
194 2471 328 2560 Europa
341 2471 427 2563 fugit
436 2475 582 2557 Libyen,
604 2484 637 2538 et
651 2473 750 2536 litora
767 2473 854 2535 flexu
989 2481 990 2486 ’

82 2586 220 2646 Oceano
233 2583 340 2646 fecere
354 2583 484 2645 locum:
505 2581 564 2644 sed
577 2579 684 2640 maior
695 2578 734 2640 ¹in
744 2595 848 2640 unam

81 2688 185 2754 Orbis
203 2681 272 2752 abit
293 2687 415 2750 Asiam.
435 2689 520 2748 Nam
537 2703 612 2747 cum
626 2683 849 2756 communiter
861 2677 944 2751 istae

80 2789 264 2856 Effundant
277 2791 485 2877 Zephyrum,
501 2793 626 2854 Boreae
640 2793 726 2854 latus
738 2787 797 2854 illa
813 2789 987 2858 sinistrum

79 2899 304 2990 contingens,
320 2897 540 2982 dextrumque
550 2899 642 2982 Noti,
660 2891 798 2962 discedit
813 2899 849 2961 in
862 2912 972 2984 ortus,

74 3003 209 3070 *Eurum
217 3007 287 3068 sola
298 3018 422 3068 tenens.
435 3005 583 3088 Libycae
592 2997 683 3086 quod
695 2997 803 3068 fertile
817 3012 923 3068 terrae
932 3015 996 3090 est,

79 3111 200 3198 Vergit
211 3111 246 3174 in
263 3119 414 3176 occasus}
432 3113 489 3176 sed
503 3115 627 3175 ethaeo
641 3131 710 3173 non
726 3105 873 3176 tontibus
887 3113 966 3180 ullis

80 3216 244 3288 Solviture
264 3219 399 3281 Arctoos
412 3217 496 3280 raris
513 3216 732 3300 Aquilonibus
748 3215 872 3282 imbres

79 3310 233 3404 Accipit,¹
243 3331 276 3383 et
290 3322 409 3386 nostris
424 3319 531 3385 reficit
544 3341 604 3385 sua
615 3340 693 3383 rura
706 3319 840 3394 serenis.
910 3321 913 3328 '

78 3423 119 3484 In
139 3425 248 3487 nullas
262 3423 397 3487 vitiatur
407 3445 504 3508 opes:
523 3446 592 3488 non
605 3444 699 3506 aere,
716 3445 778 3486 nec
791 3442 873 3486 auro

79 3525 303 3611 Excoquitur,
317 3531 411 3592 nullo
424 3529 599 3616 glebarum
611 3525 765 3611 crimine,
783 3548 884 3614 pura,

79 3632 121 3693 Et
144 3632 275 3715 penitus
290 3644 375 3695 terra
390 3641 447 3696 est.
463 3633 609 3694 Tantum
625 3630 792 3694 Maurusia
810 3629 901 3718 genti

79 3737 218 3800 Robora
235 3737 386 3820 divitiae,
402 3759 545 3834 quarum
561 3758 630 3800 non
642 3746 778 3799 noverat
796 3755 911 3816 usum3

80 3844 148 3907 Sed
160 3843 235 3908 citri
250 3854 402 3908 contenta
419 3841 521 3910 comis
534 3841 667 3909 vivebat
680 3849 718 3906 'et
732 3841 862 3999 ungbra.

147 3951 268 4008 honnus.
756 3957 772 4001 t
793 3977 805 4002 ο
