2852 4878
321 397 527 491 muru
566 395 594 462 1.
633 393 670 460 a·
699 412 768 478 497·
989 415 1026 478 ις

72 547 147 630 Spes
159 546 244 610 loret
259 543 413 628 adflictis,
427 545 551 630 patrios
570 547 726 608 excedere
742 521 873 625 muros,

72 652 257 716 Inconsulta
272 652 350 719 ruit.
368 649 502 740 Qualis,
520 671 596 714 cum
620 649 769 714 turbidus
789 653 907 712 Auster
973 707 977 712 .

72 757 203 840 Repulit
215 777 236 820 a
251 755 385 840 libycis
397 757 596 826 immensum
615 754 767 837 Syrtibus
784 772 926 838 aequor,

72 861 249 941 Fractaque
265 858 395 922 veliferi
411 868 594 924 sonuemnt
613 861 762 941 pondera
778 858 875 941 mali,

72 963 183 1026 Desilit
197 963 235 1025 in
252 963 383 1047 fluetus,
401 966 528 1030 deserta
540 984 672 1046 puppe,
693 959 862 1047 magister,

72 1064 268 1146 Navitaque,
280 1074 330 1148 et,
347 1067 496 1128 nondum
513 1083 625 1146 sparsa
642 1080 803 1152 compage
821 1066 968 1151 carinae,
1024 1126 1028 1138 ,

72 1169 285 1256 Naufragium
301 1169 524 1252 sibi'quisque
538 1170 633 1240 facit:
650 1171 713 1252 sic,
724 1173 808 1236 urbe
824 1169 955 1267 relicta,
1014 1173 1018 1182 '

73 1275 110 1336 ln
124 1275 248 1351 bellum
263 1278 398 1366 fugitur.
418 1281 555 1344 Nullum
567 1279 635 1342 iam
651 1269 827 1368 languidus
842 1301 929 1344 aevo.

74 1378 198 1442 Evabrit
208 1401 364 1448 revocare
376 1404 513 1466 parens,
532 1385 697 1448 coniuxve
715 1387 873 1448 maritum

72 1481 228 1565 Fletibus,
250 1495 308 1548 aut
326 1484 437 1567 patrii,
459 1484 582 1552 dubiae
597 1489 678 1554 dum
693 1487 893 1552 votaSaluti

72 1583 303 1668 Conciperent,
317 1597 450 1652 tenuere
460 1590 576 1654 Lares:
590 1609 652 1652 nec
666 1589 782 1654 limine
794 1589 970 1671 quisquam

72 1687 194 1770 Haesit,
210 1700 245 1764 et
261 1701 408 1756 extremo
424 1673 502 1756 tunc
513 1691 650 1756 forsitan
669 1693 759 1756 urbis
777 1702 906 1756 amatae

72 1791 187 1854 Plenus
204 1793 274 1856 abit
286 1794 374 1860 visu:
386 1797 453 1860 ruit
471 1797 688 1862 irrevocabile
705 1799 835 1885 uulgus.

73 1900 101 1961 O
115 1901 228 1966 faciles
237 1905 320 1990 'dare
337 1926 465 1969 summa
477 1907 579 1988 Deos,
592 1909 773 1988 eademque
793 1905 878 1971 tueri

29 2011 35 2021 '
71 2007 242 2076 Difficiles!
255 2013 373 2078 urbem
387 2014 535 2097 populis,
553 2012 713 2094 uictisque
729 2014 937 2092 frequentem

72 2115 246 2198 Gentibus,
262 2128 294 2182 et
310 2119 458 2205 generis,
479 2124 572 2182 coeat
592 2118 621 2182 si
642 2119 757 2200 turba,
775 2137 931 2214 capacem
965 2115 1024 2178 ⁵12

72 2224 236 2306 Humani,
253 2223 383 2309 facilem
393 2235 540 2290 'venturo
558 2229 696 2290 Caesare
710 2227 867 2310 praedam

71 2333 212 2418 Ignavae
225 2335 352 2416 liquere
367 2354 494 2398 manus.
516 2337 601 2401 Cum
617 2353 746 2417 pressus
764 2337 807 2398 ab
822 2336 914 2398 hoste

72 2441 243 2506 Clauffitur
258 2444 400 2508 externis
413 2445 508 2508 miles
520 2447 690 2507 Romanus
705 2445 744 2508 in
760 2443 842 2528 oris,

71 2543 192 2634 Effugit
208 2549 330 2636 exiguo
345 2559 507 2613 nocturna
519 2548 666 2632 pericula
680 2551 789 2631 vallo,

71 2651 108 2710 Et
126 2651 255 2716 subitus
267 2653 354 2736 rapti
366 2653 550 2716 munimine
567 2651 696 2743 cespitis
714 2675 814 2744 agger

70 2757 208 2824 Praebet
221 2779 353 2826 securos
365 2761 453 2824 intra
473 2760 613 2825 tentoria
629 2781 781 2826 somnos:

70 2864 121 2925 Tu
138 2873 268 2942 tautum
284 2864 398 2927 audito
418 2865 581 2930 bellorum
597 2864 749 2946 nomine,
768 2865 894 2946 Roma,

13 3009 22 3042 ,
70 2965 248 3043 Desereris;
265 2986 331 3032 nox
343 2985 411 3032 una
429 2969 493 3056 luis
507 2989 576 3032 non
596 2969 720 3032 credita
738 2971 852 3034 muris.

13 3059 14 3062 ¹
69 3074 189 3136 Danda
202 3084 313 3137 tamen
326 3073 423 3137 venia
434 3083 482 3137 est
504 3083 688 3155 tantorum,
702 3075 828 3157 danda,
844 3093 1006 3158 pavorum
1013 3097 1023 3139 :¹
1072 3135 1077 3146 .

70 3177 228 3261 Pompeio
238 3175 386 3264 fugiente
401 3175 527 3240 timent.
546 3179 633 3241 Tum
647 3197 768 3257 nequa
787 3177 890 3242 futuri

70 3282 151 3362 Spes
168 3283 280 3344 saltem
299 3281 442 3364 trepidas
454 3292 579 3346 mentes
597 3286 700 3366 levet,
720 3282 833 3347 addita
848 3283 909 3346 fati

69 3385 194 3450 Peioris
206 3385 379 3448 manifesta
393 3384 488 3465 fides3
502 3387 686 3471 superique
698 3389 860 3468 minaces,
940 3449 941 3454 ,

70 3489 232 3577 Prodigiis
249 3499 351 3570 terras
362 3489 559 3574 implerunt,
575 3495 726 3574 aethera,
743 3499 892 3574 pontum.

69 3596 186 3680 Ignota
203 3597 360 3658 obscurae
376 3594 531 3658 viderunt
549 3596 656 3672 sidera
674 3604 802 3676 noctes,

70 3697 313 3778 Ardentemque
331 3699 447 3779 polum
465 3695 621 3778 flammis,
642 3698 800 3777 coeloque
813 3695 962 3766 volantes

71 3801 231 3884 Obliquas
249 3825 309 3887 per
319 3803 421 3868 inane.
432 3803 534 3887 faces,
551 3800 740 3884 crinemque
754 3799 892 3870 fimendi
