2788 4880
312 377 520 440 L'IBER
559 377 631 444 1v.
672 397 705 441 v.
730 383 797 442 113.
999 401 1039 464 79

84 531 125 592 Tu
142 545 288 592 remeare
300 535 390 590 vetes
402 543 620 607 quoscunque
632 524 780 588 emiseris
800 531 917 588 aestus.

83 637 146 697 Non
161 636 304 698 habeant
319 651 434 699 amnes
451 630 614 696 declivem
632 633 676 694 ad
695 631 795 695 litora
812 651 964 716 cursum,

84 747 136 807 Sed
146 745 257 831 pelagi
271 745 458 808 referantur
473 737 586 823 aquis:
602 761 826 824 concussaque
840 743 937 807 tellus

84 853 171 914 Laxet
183 853 247 916 iter
263 851 389 933 fluviis,
402 853 463 913 hos
476 866 611 934 campos
628 849 765 910 Rhenus
782 847 942 932 inundet,

21 965 22 978 ¹
85 961 142 1024 llos
154 961 355 1022 Rhodanusz
370 966 478 1020 vastos
493 955 668 1036 obliquent
688 952 827 1015 flumina
843 953 961 1020 fontes.
1000 935 1002 940 ⁵

21 1087 22 1138 t
86 1063 234 1146 Rhipaeas
245 1065 312 1127 huc
324 1063 417 1126 solve
428 1061 538 1141 nives,
556 1061 624 1120 huc
642 1067 773 1142 stagna,
786 1059 961 1144 lacusque,

86 1169 118 1230 Et
130 1169 254 1256 pigras,
274 1169 465 1250 ubicunque
482 1169 613 1247 iaccrrt,·
627 1162 762 1230 effunde
778 1170 937 1253 paludes3

88 1274 259 1338 senseras
277 1274 375 1338 hellis
389 1272 545 1338 civilibus
562 1271 654 1354 eripe
675 1282 788 1336 terras.

118 1385 174 1446 Sed
189 1405 295 1466 parvo
315 1387 460 1446 Fortuna
476 1377 545 1440 viri
560 1387 715 1440 contenta
734 1395 875 1460 pavore,

88 1491 173 1552 Plena
184 1489 283 1572 redit,
302 1488 466 1568 solitoque
483 1482 589 1570 magis
608 1483 720 1546 favere
738 1465 893 1569 secundi,

88 1595 118 1656 Et
133 1595 262 1657 veniam
279 1613 429 1656 meruere
439 1588 513 1652 Dei.
529 1590 600 1650 lam
620 1587 728 1649 rarior
745 1591 818 1669 altr,

88 1703 118 1764 Et
128 1723 183 1785 par
195 1703 349 1765 Phoebus
361 1697 473 1779 aquis,
490 1698 607 1760 densas
623 1696 660 1756 in
672 1695 798 1756 vellera
812 1697 919 1758 nubes

87 1807 253 1890 Sparserat,
274 1817 308 1870 et
318 1817 431 1871 noctes
440 1813 580 1868 ventura
594 1805 669 1864 luce
684 1802 871 1880 rubebant3

20 1935 21 1984 ὲ
88 1914 272 1998 Servatoque
285 1918 359 1979 loco
375 1909 501 1994 rerun'r,
521 1909 668 1975 discessit
683 1911 726 1972 ab
743 1891 840 1972 astris

20 2001 21 2044 ³
88 2020 213 2104 Humor,
224 2018 335 2085 etima
343 2021 426 2104 petit
436 2019 601 2102 quidquid
616 2017 784 2102 pendebat
798 2037 973 2098 aquarum.

20 2177 21 2198 p
87 2124 202 2188 Tollere
215 2126 302 2188 silva
319 2145 445 2206 comas,
464 2123 586 2209 stagnis
602 2141 773 2207 emergere
794 2122 895 2186 colles
977 2127 1034 2188 128

20 2253 21 2282 t
88 2224 258 2310 Incipiunt,
275 2227 411 2310 visoque
429 2227 484 2289 die
503 2227 677 2290 durescere
695 2226 805 2291 calles.

88 2331 178 2413 thue
192 2335 310 2399 habuit
326 2336 414 2419 ripas
426 2334 562 2416 Sicoris,
584 2325 791 2416 camposque
805 2333 957 2418 reliquit,

19 2497 20 2534 p
88 2427 217 2504 Primum
235 2463 317 2506 cana
335 2425 620 2506 salinrnadcfacto
641 2433 768 2501 vimine
786 2440 928 2521 parvam

88 2544 206 2610 Texitur
224 2547 260 2610 in
271 2549 430 2632 puppim,
452 2567 613 2632 caesoque
631 2545 767 2609 inducta
789 2545 932 2609 iuvenco

88 2647 218 2717 Vectoris
237 2653 365 2736 patiens
383 2653 774 2735 tumidum'supercnatat
795 2669 940 2714 amnem.
1022 2645 1024 2652 ’

88 2751 128 2815 Sic
137 2759 278 2822 Venetus
292 2769 464 2846 stagnante
473 2761 580 2839 Pado,
599 2757 739 2838 fusoque
754 2755 932 2819 Britannus

19 2903 20 2910 κ
88 2855 208 2946 Navigat
223 2862 377 2926 Oceano:
395 2860 442 2924 sic
455 2881 531 2922 curn
548 2869 636 2924 tenet
653 2857 767 2920 omnia
784 2855 896 2936 Nilus,

19 2991 20 3022 2
87 2964 263 3034 Conseritur
280 2968 396 3033 bibula
411 2965 602 3049 Memphitis
617 2965 740 3046 cymba
753 2980 899 3044 papyro.

19 3051 20 3060 ἵ
86 3069 135 3132 His
144 3075 268 3139 ratibus
284 3075 420 3137 traiecta
438 3089 557 3134 manus
574 3069 705 3132 festinat
722 3067 881 3148 utrinque

19 3181 21 3200 ¹
86 3173 237 3241 Succisum
252 3197 390 3242 curvare
403 3195 539 3239 nemus:
555 3169 851 3252 fluviique‘ferocis

19 3325 20 3330 1
86 3275 278 3346 Incrementa
294 3283 427 3364 timens,
446 3301 515 3344 non
530 3279 647 3363 primis
661 3279 782 3339 robora
794 3273 877 3356 ripis

86 3382 250 3469 Imposuit3
270 3390 396 3453 medios
409 3397 547 3472 pontem
563 3383 720 3450 distendit
736 3383 773 3446 in
790 3399 897 3466 agros·

87 3489 124 3550 Ac
135 3515 174 3561 ne
188 3497 272 3576 quid
284 3496 404 3559 Sicoris
422 3493 568 3576 repetitis
587 3494 707 3554 audeat
725 3487 843 3568 undis,

86 3593 244 3683 Spargitur
258 3599 294 3662 in
307 3603 437 3684 sulcos,
455 3607 488 3659 et
501 3595 599 3659 scisso
616 3593 747 3680 gurgite
763 3591 856 3654 rivus

86 3704 140 3768 Dat
150 3731 273 3790 poenas
285 3709 420 3772 maioris
436 3725 551 3788 aquae.
568 3707 744 3786 Postquam
759 3701 873 3766 omnia
889 3697 964 3765 tatis

88 3810 217 3881 Caesaris
228 3813 277 3879 ire
290 3816 398 3900 videt,
413 3797 534 3880 celsam
549 3810 696 3875 Petreius
717 3809 890 3890 Hilerdam
