2790 4874
383 464 442 540 164
611 401 1079 546 'PHARSALIAE
1178 469 1299 549 nam.

380 609 541 688 Coeperat
555 601 676 690 exiguo
691 609 794 664 tractu
809 597 920 664 civilia
933 599 1028 661 bella

379 710 424 770 Ut
440 709 567 772 lentum
585 707 744 768 damnare
760 704 862 768 nefas.
878 702 1077 766 Discrimina
1089 711 1266 786 postquam
1333 749 1337 756 .

378 813 565 876 Adventare
578 810 949 891 ducum,suprcmaque
964 807 1093 890 proelia
1103 807 1203 890 vidit,

343 901 348 920 ⁸
380 921 538 981 Casuram
557 926 588 978 et
601 914 661 978 fati
671 913 772 982 sensit
785 925 902 976 nutare
916 909 1067 994 ruinam,
1104 986 1106 994 Ι

378 1028 441 1090 llla
451 1045 585 1108 quoque
595 1027 632 1089 in
642 1026 769 1106 fertum
782 1024 890 1088 rabies
905 1022 1143 1106 promtissima,
1160 1025 1295 1107 paulum

377 1129 539 1216 Languit,
550 1137 689 1191 et-casus
701 1130 810 1190 audax
825 1130 988 1211 spondere
1000 1129 1166 1191 secundos.
1183 1171 1186 1178 ·
1241 1200 1247 1211 Ι

378 1241 473 1304 Mens
490 1237 578 1301 stetit
590 1235 627 1300 in
639 1235 757 1318 dubio,
769 1255 869 1316 quam
885 1257 947 1299 nec
959 1256 1019 1299 sua
1029 1237 1095 1298 fata
1110 1237 1244 1321 timere,

378 1346 446 1406 Nec
458 1340 574 1428 Magni
586 1359 717 1423 sperare
729 1340 859 1403 sinunt:
877 1339 1057 1406 formidine
1068 1359 1193 1426 mersa,

377 1448 526 1514 Prosilit:
541 1448 705 1511 hortando
720 1446 840 1510 melior
852 1444 975 1509 fiducia
990 1427 1104 1534 uulgo.

378 1559 409 1620 0
424 1552 569 1622 domitor
577 1555 711 1638 mundi,
726 1579 837 1620 rerurn
853 1557 985 1619 fortuna
998 1579 1167 1642 mearum,

376 1663 492 1745 Miles,
505 1664 595 1726 adest
609 1661 704 1726 toties
720 1673 850 1745 optatae
861 1661 958 1746 copia
972 1682 1115 1748 pugnae.

377 1765 432 1828 Nil
445 1786 528 1848 opus
542 1775 590 1828 cst
603 1763 706 1828 votis:
725 1765 793 1827 iam
810 1765 915 1827 fatum
933 1764 1086 1826 arcessite
1098 1761 1199 1828 ferro.

376 1872 418 1934 In
429 1872 581 1934 manibus
591 1871 719 1952 vestris,
739 1879 880 1952 quantus
890 1869 932 1932 sit
941 1871 1072 1951 Caesar,
1082 1870 1222 1933 habetis.

377 1975 470 2038 Haec
483 1985 530 2038 est
543 1974 604 2037 illa
618 1973 704 2056 dies,
714 1974 799 2036 mihi
813 1993 912 2054 quam
926 1972 1108 2036 Rubiconis
1120 1975 1164 2034 ad
1179 1975 1281 2036 undas

376 2083 576 2148 Promissam
587 2081 743 2164 memini,
757 2081 849 2144 cuius
859 2102 917 2164 spe
930 2079 1096 2144 movimus
1109 2101 1220 2165 arma,
1331 2065 1333 2072 Α

376 2186 418 2250 In
431 2205 532 2265 quam
545 2169 731 2248 distulimus
741 2183 857 2247 vetitos
872 2203 1021 2248 remeare
1035 2184 1231 2268 triumphos.
1277 2187 1326 2247 256

378 2287 490 2370 [Haec
497 2289 612 2350 cadem
624 2286 786 2368 est,hodie
795 2307 880 2367 quae
887 2287 1039 2374 pignora,
1048 2310 1199 2371 quaeque
1204 2299 1325 2376 penates

377 2389 566 2471 Reddat,et
577 2389 715 2452 emerito
726 2390 825 2454 faciat
835 2414 893 2458 vos
902 2398 1008 2459 Marte
1020 2397 1188 2482 colonos]
1226 2417 1232 2426 ·
1379 2399 1380 2404 ’

301 2503 307 2512 '
376 2497 482 2576 Haec,
495 2495 563 2560 fato
575 2515 660 2578 quae
676 2505 755 2560 teste
768 2501 899 2582 probet,
915 2502 989 2582 quis
1004 2502 1120 2567 iustius
1131 2523 1226 2566 arma

377 2600 551 2686 Sumserit,
561 2603 644 2665 haec
657 2601 876 2668 aciesvictum
887 2606 1014 2670 factura
1028 2619 1204 2673 nocentem
1221 2617 1273 2676 est.

378 2707 413 2772 Si
426 2726 489 2790 pro
505 2728 560 2770 me
573 2708 714 2792 patriam
730 2709 818 2772 ferro
836 2711 1043 2794 flammisque
1056 2714 1199 2798 petistis,
1376 2795 1377 2801 ἵ

377 2814 474 2876 Nunc
486 2822 632 2900 pugnate
646 2823 768 2898 truces,
782 2815 977 2901 gladiosque
991 2819 1149 2883 exsolvite
1160 2823 1265 2906 culpa.

373 2921 478 2983 Nulla
493 2941 629 3002 manus,
639 2920 861 3008 belli'mutato
876 2921 999 3005 iudice,
1013 2944 1099 3008 pura
1115 2936 1173 2988 est.

377 3026 453 3088 Non
470 3026 555 3090 mihi
567 3047 619 3090 res
633 3027 758 3112 agitur,
773 3029 830 3090 sed
841 3047 913 3110 vos,
930 3040 967 3090 ut
985 3029 1091 3094 libera
1109 3030 1180 3094 sitis

376 3133 503 3216 Turba,
517 3154 647 3217 precor,
660 3145 773 3222 gentes
785 3147 821 3202 ut
833 3137 884 3200 ius
896 3139 1043 3202 habeatis
1059 3140 1096 3204 in
1111 3159 1238 3204 ornnes.

375 3240 451 3320 Ipse
465 3260 542 3327 ego,
557 3241 706 3324 privatae
719 3243 859 3326 cupidus
871 3255 927 3310 me
939 3250 1078 3314 reddere
1092 3251 1196 3334 vitae,
1372 3269 1373 3299 t

377 3343 579 3426 Plehpiaque
594 3355 669 3430 toga
686 3346 855 3410 modicum
869 3368 1068 3432 componere
1085 3353 1212 3438 civem,
1371 3387 1372 3423 r

300 3519 303 3524 ,
378 3446 501 3510 Omnia
514 3451 594 3512 dum
607 3448 702 3514 vobis
715 3451 851 3534 liceant,
861 3452 910 3518 nil
926 3473 994 3519 esse
1005 3476 1133 3520 recuso.
1280 3453 1304 3536 '¹
1370 3483 1371 3547 p

375 3547 507 3610 Invidia
517 3563 653 3638 regnate
664 3575 749 3618 mea.
764 3557 831 3618 Nec
844 3557 1005 3643 sanguine
1022 3560 1130 3622 multo
1369 3579 1370 3673 p

276 3661 284 3696 ν’
375 3652 472 3750 Spem
486 3655 605 3717 mundi
618 3657 747 3739 petitis:
761 3657 868 3724 Graiis
883 3659 1176 3725 delecta'iuventus
1313 3665 1315 3672 '
1362 3687 1369 3798 p

375 3754 566 3835 Gymnasiis
579 3760 701 3844 aderit,
710 3763 887 3845 studioque
905 3763 1029 3851 ignava
1043 3767 1241 3850 palaestrae,

362 3858 482 3924 *Elvix
494 3877 587 3929 arma
600 3863 722 3949 ferens,
741 3878 773 3931 et
788 3870 909 3935 mixtae
924 3869 1054 3938 ‹lissona
1078 3874 1194 3936 turbae
1213 3905 1222 3918 ·
1290 3901 1295 3908 ·
1325 3873 1329 3880 ’
