2824 4880
315 447 520 516 mser
559 451 627 516 rx.
669 457 794 533 mn.
971 471 1028 546 227

58 594 173 682 Rapta
183 596 291 662 vehite
313 612 540 684 quantumque
557 603 633 666 licet
649 619 845 690 consurgere
859 603 954 670 fumo
963 651 974 692 ,
1044 607 1047 616 ’

58 707 101 769 Et
113 705 245 770 violare
260 705 365 790 diem,
385 704 515 779 tantum
527 717 615 771 tenet
629 713 707 770 atra
720 709 843 794 pulvis.

58 811 150 878 Tum
161 832 297 896 quoque
309 817 499 880 Romanum
510 817 607 882 solito
624 816 802 883 violentior
816 839 937 909 agmen
967 820 970 828 '

58 921 280 1010 Adgreditur5
295 923 472 1004 nullusque
489 933 596 1006 potest
612 923 789 989 consistere
807 927 919 1014 miles,
950 973 951 980 κ

57 1019 232 1088 Instabilis
244 1025 346 1108 raptis
358 1027 477 1109 etiam,
498 1044 579 1107 ques
596 1027 714 1108 calcat,
730 1027 848 1091 arenis.

60 1131 264 1198 Concuteret
275 1141 388 1213 terres,
405 1133 619 1214 orbemque‘e
636 1133 712 1195 sede
723 1140 888 1215 moveret,

58 1231 96 1296 Si
107 1233 219 1303 solida
230 1233 337 1319 Libye
351 1251 527 1322 compage,
546 1247 578 1298 et
589 1237 737 1318 pondere
754 1239 839 1299 duro

60 1339 243 1402 Clauderet
260 1337 363 1402 exesis
380 1343 536 1404 Austrum
556 1343 730 1424 scopulosa
744 1341 911 1408 cavernist

59 1447 129 1508 Sed
142 1443 224 1528 quia
236 1435 417 1511 mobilibus
431 1447 536 1511 facilis
554 1451 707 1512 turbatur
726 1449 853 1532 arenis,

59 1549 237 1630 Nusquam
256 1547 412 1610 luctando
428 1549 555 1612 stabilis
571 1561 701 1614 manete
720 1541 856 1632 imaque
876 1550 973 1614 tellus

60 1657 151 1738 Stat,
168 1654 247 1736 quia
259 1674 389 1719 summa
405 1655 501 1742 fugit.
517 1658 649 1741 Galeas,
665 1670 698 1721 et
708 1669 800 1722 scuta
816 1659 981 1743 virorum,

59 1757 204 1842 Pilaque
222 1760 378 1824 contorsit
392 1759 538 1845 qiolento
554 1761 688 1844 spiritus
706 1774 804 1846 ectu„

61 1867 285 1946 Intentusque
304 1863 379 1928 tulit
398 1865 512 1952 magni
526 1887 586 1948 per
602 1865 716 1930 inania
727 1867 822 1934 coeli·

59 1971 157 2038 Illud
170 1973 207 2036 in
222 1983 367 2036 extrema
383 1972 495 2034 forsan
510 1974 675 2058 longeque
691 1982 820 2034 remota

62 2075 264 2166 Prodigium
281 2078 399 2140 tellure
415 2077 496 2139 fuitr
510 2079 711 2158 delapsaque
725 2078 819 2138 coelo

61 2186 172 2246 Arma
182 2179 297 2246 timent
306 2181 689 2268 gentes,hominumque
700 2173 951 2262 ereptalacertis
971 2181 1031 2266 476

62 2291 93 2352 A
107 2285 244 2370 Superis
259 2287 400 2351 demissa
411 2295 540 2370 putant,
559 2285 612 2348 Sic
628 2285 686 2348 illa
699 2286 850 2368 prolecto

63 2369 224 2454 Sacrifico
239 2391 387 2456 cecidere
399 2393 541 2474 Numae,
558 2411 644 2473 quae
656 2393 740 2455 lecta
758 2391 913 2459 iuventus

63 2491 213 2558 Patricia
225 2495 353 2560 cervice
363 2505 488 2560 movet:
506 2497 706 2580 spoliaverat
724 2497 843 2558 Auster

63 2602 133 2664 Aut
145 2601 264 2662 Boreas
277 2602 435 2683 populos,
450 2599 571 2664 ancilia
586 2586 696 2662 nostra
716 2599 866 2662 ferentes·

108 2703 164 2766 Sic
176 2706 291 2767 orbem
309 2714 481 2786 torquente
494 2707 579 2767 Noto
591 2707 743 2766 Romana
757 2703 912 2768 iuventus

64 2811 267 2894 Procubuit,
282 2823 498 2894 metuensque
515 2813 602 2896 rapi,
622 2812 817 2876 constrinxit
836 2812 990 2896 amictus,

64 2919 278 3002 Inseruitque
296 2940 413 2984 manus
426 2931 545 2984 terrae:
562 2941 624 2982 nec
637 2921 784 3002 pondere
800 2909 872 2984 tolo
881 2955 892 3005 ,

64 3029 135 3092 Sed
151 3026 226 3089 nisu
244 3026 361 3110 iacuit,
377 3029 434 3090 vix
448 3028 495 3092 sic
513 3016 695 3094 immobilis
707 3027 844 3110 Austro,

66 3135 140 3221 Qui
147 3155 252 3219 super
266 3135 416 3223 ingentes
430 3138 581 3212 cumulos
596 3133 737 3200 involvit
754 3151 897 3220 arenae,

66 3246 179 3322 Atque
200 3242 307 3324 operit
325 3243 441 3306 tellure
454 3241 552 3304 viros.
569 3239 635 3308 vix
650 3243 765 3304 tollere
779 3242 877 3306 miles

65 3345 230 3410 Membra
238 3350 342 3430 valet,
362 3350 468 3412 multo
487 3358 642 3435 congestu
659 3347 807 3430 pulveris
823 3351 973 3412 haerens·

66 3449 208 3538 Adligat
220 3461 252 3514 et
262 3461 382 3516 stantes
395 3453 531 3515 adfusae
542 3471 682 3538 magnus
701 3469 822 3514 arenae

66 3561 200 3646 Agger,
215 3567 247 3623 ct
259 3559 389 3622 immoti
403 3571 489 3622 terra
507 3570 661 3646 surgente
680 3568 843 3622 tenentur,

66 3667 158 3728 Saxa
172 3659 248 3728 tulit
260 3665 391 3748 penitus
403 3665 553 3729 discussis
566 3674 704 3748 proruta
720 3651 843 3747 muris,

67 3765 264 3849 Effuditque
275 3769 568 3854 procul'miranda
588 3778 675 3834 sorte
693 3772 876 3840 malorumt

70 3871 144 3960 Qui
159 3874 268 3938 nullas
279 3873 390 3939 videre
408 3876 545 3958 domos,
557 3873 670 3939 videre
686 3873 811 3940 ruinas.
