2852 4878
352 349 392 412 24
492 400 499 410 ,
615 331 1055 398 rnnnsrnrre
1142 337 1268 418 v.os7.

346 475 591 555 Succensusque
605 472 670 537 tuis
688 475 855 560 flagrasset
873 473 1023 538 curribus
1036 475 1182 540 aether..

346 578 394 642 Hi
406 589 530 644 cessant
544 576 647 665 ignes.
665 581 734 660 Tu,
748 578 807 660 qui
819 581 978 666 flagrante
991 579 1156 651 minacem

347 683 508 768 Scorpion
526 681 674 762 incendis
695 684 816 762 cauda,
836 684 1012 764 chelasque
1026 684 1172 766 peruris,

347 789 438 876 Quid
455 799 597 871 tantum,
615 775 773 871 Gradive,
794 791 909 874 paras?
928 812 1007 861 nam
1024 791 1113 854 mitis
1130 791 1165 854 in
1182 794 1250 856 alio

346 893 473 976 Iupiter
490 913 606 957 occasu
627 893 804 976 premitur,
827 894 1029 976 Venerisque
1047 900 1179 968 salubre
1199 923 1202 928 ·

346 1000 443 1064 Sidus
457 1001 570 1080 hebet,
591 1008 749 1080 motuque
767 999 854 1062 celer
864 1000 1038 1082 Cyllenius
1054 1004 1184 1085 barret,

346 1109 388 1170 Et
401 1107 530 1170 coelum
545 1108 634 1168 Mars
647 1108 738 1170 solus
752 1097 861 1168 babet.
879 1107 946 1168 Cur
957 1105 1051 1191 signa
1068 1118 1194 1172 meatus

346 1211 528 1276 Deseruere
544 1229 632 1295 suos,
657 1213 849 1292 mundoque
869 1214 1008 1276 obscura
1024 1213 1194 1286 feruntur?

345 1317 487 1382 Ensiferi
499 1316 640 1382 nimium
657 1317 762 1404 fulget
778 1320 865 1381 latus
887 1317 1040 1382 Orionis?

344 1424 503 1488 Imminet
520 1443 689 1488 armorum
706 1425 831 1488 rabies:
851 1425 996 1506 ferrique
1011 1437 1153 1508 potestas

347 1526 537 1587 Confundet
554 1517 720 1586 insomne
736 1545 856 1588 manu:
875 1525 1056 1614 seelerique
1074 1528 1219 1592 nefando
1273 1566 1278 1572 ·

346 1628 479 1689 Nomen
494 1623 556 1688 erit
570 1623 692 1688 virtus:
710 1629 897 1706 multosque
912 1625 1014 1690 exibit
1034 1625 1070 1688 in
1083 1647 1189 1690 annos

345 1731 411 1798 Hic
422 1733 525 1796 furor.
544 1733 584 1792 Et
599 1730 740 1814 Superos
751 1731 834 1812 quid
846 1731 982 1814 prodest
992 1749 1125 1814 poscere
1134 1727 1256 1794 finem?
1312 1731 1317 1734 ’

346 1841 431 1901 Cum
447 1835 582 1904 domino
599 1855 666 1920 pax
679 1833 741 1898 ista
758 1832 859 1896 venit.
877 1833 951 1895 Duo
967 1833 1075 1907 Roma
1089 1833 1255 1896 matorum

346 1940 549 2040 contingam
561 1938 697 2022 seriem:
719 1938 913 2018 clademque
930 1934 966 1996 in
981 1945 1130 2020 tempora
1143 1937 1251 2000 multa
1342 1934 1344 1938 ’

344 2046 504 2132 Ειιηξ,
525 2039 616 2106 civiti
631 2038 842 2104 tantumiarn
858 2037 963 2102 libera
976 2038 1076 2100 bello.
1245 2039 1306 2118 672
1410 2047 1411 2104 ἶ

385 2153 584 2213 Terruerant
596 2145 672 2211 satis
684 2147 766 2207 beee
786 2143 943 2228 pavidam
953 2143 1123 2230 praesagia
1133 2145 1285 2226 plebem:

344 2255 409 2318 Sed
428 2253 553 2332 maiora
565 2245 732 2337 premunt.
752 2253 837 2313 Nam
851 2249 958 2332 qualis
974 2249 1097 2315 vertier
1115 2251 1212 2348 Pindi
1248 2282 1253 2290 ·

345 2359 470 2422 Edonis
484 2359 618 2448 Ogygio
637 2357 781 2422 decurrit
800 2359 899 2442 plena
908 2359 1042 2442 Lyae03

344 2465 435 2528 Talis
450 2475 482 2528 et
501 2465 673 2530 attonitam
689 2463 817 2548 rapitur
836 2473 987 2528 matrona
1008 2485 1069 2549 per
1085 2466 1241 2548 urbem„

338 2571 553 2638 ‘Vocibushis
569 2573 712 2656 prodens
730 2581 904 2658 urgentem
914 2581 1048 2656 pectore
1063 2572 1251 2640 Phoebum:

343 2680 421 2762 Quo
434 2679 538 2759 feror,
552 2698 573 2740 o
589 2679 721 2740 Paean?
731 2697 802 2758 -qua
816 2698 870 2740 me
888 2698 987 2762 super
1001 2681 1135 2742 aethera
1150 2687 1282 2761 raptam

344 2765 522 2846 Constituis
540 2783 646 2846 terrai
663 2781 928 2870 videoPangaea
943 2782 1077 2848 nivosis·

245 2949 247 2954 ,
343 2885 437 2948 Cana
447 2882 550 2970 iugis,
567 2885 714 2968 latosque
727 2888 847 2950 Haemi
856 2891 919 2952 sub
928 2911 1011 2972 rupe
1020 2889 1203 2974 Philippos.

345 2992 427 3076 Quis
436 2992 608 3077 furorbic,
618 2997 796 3080 onoebe,
813 3001 1011 3080 docerquae
1021 3001 1101 3080 teta,
1116 3009 1303 3082 manusque

342 3095 513 3160 Romanae
526 3097 665 3162 miscent
676 3101 763 3164 acies
769 3135 790 3182 ,ο
796 3085 991 3184 bellumque
1006 3105 1078 3168 sine
1094 3107 1187 3170 hoste
1200 3108 1271 3171 est?

342 3203 419 3286 Quo
434 3202 564 3266 diversa
575 3207 684 3268 feror?
704 3207 830 3290 primos
847 3231 902 3272 me
919 3209 1010 3273 ducis
1028 3207 1065 3274 in
1081 3222 1187 3294 ortus,

342 3307 418 3390 Qua
435 3327 527 3372 mare
541 3311 662 3398 Lagaei
672 3322 826 3376 mutatur
840 3313 971 3401 gurgite
986 3315 1062 3380 Nili.

342 3408 442 3474 Hono
459 3432 536 3498 ego,
554 3413 710 3480 fluminea
726 3417 881 3490 deformis
899 3405 1153 3486 truncus-'arena

342 3512 410 3595 Qui
424 3513 527 3598 iacet,
542 3519 700 3603 agnosco:
714 3519 850 3586 dubiam
859 3543 959 3608 super
968 3544 1113 3606 aequora
1124 3525 1250 3608 Syrtim

343 3621 563 3702 Arentemque
580 3624 668 3718 feror
678 3625 825 3709 Libyen,
839 3647 906 3708 quo
923 3627 1020 3694 tristis
1035 3629 1180 3714 Erinnys

342 3723 523 3792 trastulit
537 3727 702 3796 Emathias
721 3733 817 3802 ecies.
834 3737 930 3802 Nunc
948 3737 1087 3823 desuper
1106 3739 1200 3822 Alpis
