2852 4878
350 361 507 432 nw'
579 347 1081 430 ARGUMENTA

352 514 402 580 Ad
417 513 586 598 bellumque
603 531 676 579 suos
693 501 820 590 anint'at,
841 531 1029 600 revocatque
1044 515 1207 596 cohortes,

352 617 508 684 Auxilium
524 619 635 684 fidunt:
654 639 753 684 terror
767 637 830 684 tunt
845 622 987 716 scribitur
1004 623 1114 702 Urbis,

351 719 391 790 Et
408 725 479 810 fuga
498 725 632 808 Pompeii
653 726 822 810 trepidans,
844 727 1007 812 pavidique
1023 725 1162 794 Senatui.

214 827 216 832 ’
351 831 423 898 Post
437 832 513 896 hauc
529 831 674 916 prodigit,
694 847 726 897 et
741 845 848 896 vatum
862 849 1009 915 responsa
1027 845 1187 929 cruuntur.

658 1005 757 1072 ΗΒ.
792 1005 846 1070 11.

353 1128 418 1198 Est
438 1127 490 1196 ubi
507 1145 695 1216 conquestus
708 1133 795 1196 nosci
811 1146 940 1195 ventura
955 1129 1116 1206 Secundus,

352 1237 471 1305 iustitio
489 1237 623 1314 indicto,
642 1252 744 1300 narrat
759 1235 823 1300 fera
840 1233 953 1320 proelia
973 1234 1083 1299 Sullae.

349 1347 425 1412 Post
439 1350 514 1412 haec
532 1348 644 1410 Brutus
660 1346 722 1408 adit
739 1344 893 1408 constanti
913 1359 1014 1406 mente
1025 1341 1201 1428 'Catonetttt

351 1439 416 1522 'cui‘
432 1473 550 1519 tursum
567 1448 655 1516 nubit
670 1450 794 1514 funesto
810 1441 928 1513 Murcia
946 1448 1040 1516 cultu.
1063 1433 1066 1438 Δ

351 1557 382 1629 lt
396 1559 533 1642 Capuam
550 1557 700 1642 Magnus,
717 1557 777 1622 late
794 1570 929 1638 occupat
944 1555 1047 1617 omnia
1066 1553 1198 1632 Caesar,

352 1659 461 1744 Teque
473 1661 569 1745 capit,
588 1659 724 1726 Domiti:
746 1659 883 1742 sequitur
899 1675 964 1728 tum
982 1655 1092 1727 condo
1114 1657 1229 1744 Magni·

352 1767 513 1831 Brundisio
528 1770 552 1830 it
570 1783 678 1852 gnatus
694 1767 781 1830 cuius
799 1781 919 1828 tentare
937 1782 1054 1828 remota
1262 1780 1267 1790 ¹

243 1931 245 1942 .
352 1874 491 1951 Auxilia,
509 1877 828 1957 obsessusquetamen
844 1873 903 1936 vix.
916 1869 1025 1956 effugit
1044 1870 1119 1954 ipse.

649 2057 750 2122 LIB.
782 2055 859 2120 ΙΙΙ.

352 2181 500 2251 Tartarus
513 2183 640 2268 exponit
657 2184 800 2268 fugientis
819 2181 936 2250 sonnis
954 2179 1077 2270 Magni,
1201 2232 1208 2248 ,

351 2290 458 2374 Atque
475 2308 510 2354 ιιι
525 2289 697 2354 Trinacrias
715 2305 762 2354 est
780 2289 877 2356 Curio
891 2292 1001 2358 ,missus
1018 2295 1051 2356 in
1066 2291 1169 2362 urbes·

352 2399 513 2463 Brundisio
531 2397 660 2463 reditum
677 2398 819 2461 describit
838 2397 976 2464 Caesaris
993 2399 1085 2462 inde:

353 2499 509 2564 Praedauti
529 2499 637 2564 fiscum
654 2500 704 2563 cui
723 2499 790 2563 vult
809 2500 932 2566 obstare
944 2501 1097 2568 Metellus.

352 2611 432 2690 ‚Hinc
452 2607 602 2694 populos,
622 2608 770 2693 Mtgtlunt
790 2609 842 2692 qui
859 2623 929 2674 suut
946 2611 977 2672 in
996 2609 1072 2674 bella
1091 2597 1208 2687 secuti,

229 2724 232 2733 ‘
352 2709 459 2812 thue
477 2712 536 2774 iter
553 2710 726 2774 accelerans
745 2713 894 2796 Hispanas
908 2712 1071 2776 Caesarin
1087 2733 1177 2791 oras,

353 2817 518 2882 Massiliam
533 2817 623 2886 fidant
643 2836 733 2883 vexat
751 2831 892 2904 terraque
909 2821 1055 2923 natique.
1125 2889 1128 2901 ‚

353 2923 430 2991 Mox
443 2925 547 2989 abiens
561 2921 662 2991 Bruto
677 2926 790 2994 viatori
811 2925 890 2990 bella
907 2925 1057 3010 relinquit.

644 3097 750 3169 utu.
789 3097 856 3166 tv.

353 3229 495 3296 Cnstttu
510 3230 608 3298 Ducis
624 3218 731 3299 castris
744 3237 782 3299 ad
798 3229 909 3300 celsam
926 3231 1047 3316 Quartus
1063 3227 1191 3304 llerdaut
1316 3275 1319 3287 ·

352 3333 485 3400 Confert
496 3339 528 3400 in
544 3338 663 3402 tumulo
672 3385 681 3414 ‚
691 3340 750 3422 ¹qui
763 3353 860 3424 paene
874 3353 922 3404 est
939 3341 1068 3405 obtutus
1080 3342 1179 3406 imbri.

353 3439 463 3505 Enant
483 3443 552 3532 hine
570 3442 703 3520 caesar,
719 3443 830 3508 Sicoris
848 3444 960 3508 diducit
977 3462 1010 3509 et
1027 3446 1164 3522 undas,'

352 3535 512 3625 Petreique
533 3542 635 3628 fugam
652 3548 798 3630 sequitur.
819 3547 938 3622 Vicinit
957 3567 1063 3633 pacem

354 3641 478 3728 Incipit:
495 3662 526 3708 at
541 3647 641 3710 subita
659 3649 794 3716 Petreius
806 3652 910 3716 'caede
922 3653 1067 3737 repetitu·
1117 3671 1120 3681 ·

354 3743 423 3828 Qui
440 3751 510 3812 mou
525 3747 660 3815 auriens
676 3754 797 3828 ueniam
814 3755 970 3840 vitamque
989 3772 1139 3842 precatur.
