2852 4878
280 385 609 448 PHARSALIAE
633 388 721 450 ΠΒ.
741 389 783 454 11.
803 409 835 454 v.
858 411 905 454 ιι.
931 431 933 438 ,
1026 409 1063 474 27

107 523 265 586 Fatorum
282 523 547 588 immotodivisit
562 523 667 587 limite
680 527 861 604 mundum:

107 629 183 692 Sive
199 628 286 692 nihil
298 629 443 719 positum
458 639 520 710 est,
532 630 590 690 sed
606 631 683 692 Fors
698 629 823 692 ineerta
836 635 990 714 vagatur,

107 736 263 814 Fertque,
276 735 442 816 refertque
456 733 557 814 vices,
567 743 599 794 et
612 733 735 794 habent
749 732 901 796 mortalia
914 751 1040 796 casum:

106 833 154 898 sit
165 835 328 917 subitum,
338 839 559 917 quodcunque
571 857 686 919 paras:
699 837 740 901 sit
755 857 851 902 caeca
868 838 974 902 futuri

106 943 203 1004 Mens
214 940 386 1004 hominum
404 939 481 1004 fati:
501 941 597 1004 liceat
613 961 744 1024 sperare
762 941 901 1004 timenti.
977 936 982 946 '

147 1046 236 1128 Ergo
252 1044 311 1106 uhi
326 1043 532 1128 concipiunt,
548 1045 677 1126 quantis
691 1045 733 1109 sit
750 1046 897 1108 cladibus
913 1044 988 1108 orbi

108 1152 303 1212 Constatura
315 1147 395 1213 fides
411 1149 586 1232 Superdm,
603 1151 703 1214 ferale
716 1171 778 1234 per
795 1151 911 1212 urbem

106 1255 288 1317 Institinm:
306 1256 403 1318 latuit
418 1243 550 1338 plebeio
569 1267 670 1320 tectus
684 1256 806 1320 amictu

108 1361 225 1424 Omnis
238 1363 363 1424 honor:
375 1363 485 1425 nullos
495 1361 650 1424 comitata
665 1371 713 1424 est
727 1379 875 1443 purpura
888 1359 1002 1424 fasces.

107 1469 191 1530 Turn
202 1479 334 1550 questus
346 1479 480 1534 terruere
495 1489 586 1550 suos,
600 1487 806 1554 magnusque
821 1485 882 1548 per
897 1483 1011 1530 omnes

107 1571 235 1634 Erravit
252 1569 323 1634 sine
339 1592 421 1635 voce
433 1575 540 1638 dolor.
557 1573 610 1636 Sic
622 1574 740 1636 funere
753 1573 864 1656 primo

107 1675 270 1740 Attonitae
284 1687 412 1744 tacuere
425 1680 557 1762 domus,
567 1701 643 1742 enm
660 1699 799 1762 corpora
814 1680 966 1741 nondum

107 1781 317 1843 Conclamata
332 1779 453 1862 iacent,
467 1801 529 1844 nec
545 1791 649 1844 mater
665 1780 755 1844 crine
767 1782 876 1844 soluto

105 1883 213 1970 Exigit
226 1886 270 1946 ad
285 1904 398 1948 saevos
412 1886 612 1950 famularum
624 1887 759 1952 brachia
771 1891 941 1970 planctus:
995 1945 998 1949 .

104 1986 167 2049 Sed
178 2007 256 2048 cum
271 1991 420 2052 membra
435 1988 557 2072 premit
572 1989 720 2076 fugiente
736 1991 879 2079 rigentia
895 1993 980 2075 vita,
1022 1993 1059 2056 ai

103 2091 287 2170 Vultusque
302 2090 717 2174 exanirnes,oculosquein
727 2101 833 2154 morte
849 2093 1008 2171 iacentes:
1075 2119 1078 2131 ·

104 2196 262 2258 Necdum
274 2197 385 2260 astille
396 2199 501 2280 dolor,
511 2196 646 2260 sediam
656 2207 763 2260 metus
773 2219 781 2275 ;
791 2198 926 2262 incubat
936 2215 1059 2282 amena,

103 2300 307 2382 Miraturque
322 2303 457 2366 malum.
475 2303 589 2364 Cultus
603 2310 755 2366 matrona
771 2301 898 2386 priores

103 2407 280 2490 Deposuit:
294 2419 502 2488 moestaeque
521 2419 632 2472 tenent
648 2409 785 2472 delubra
804 2417 963 2474 catervae.

102 2511 173 2573 Hae
184 2511 331 2574 lacrimis
344 2533 491 2594 sparsere
504 2515 606 2595 Deos,
622 2515 685 2576 hae
701 2524 834 2594 pectora
847 2513 932 2576 duro

102 2613 253 2677 Adfixere
267 2617 356 2696 solo,
369 2617 557 2698 lacerasque
569 2617 605 2680 in
621 2616 738 2678 limine
752 2635 846 2680 sacro

103 2719 267 2784 Attonitae
282 2721 398 2786 fudere
411 2741 521 2784 comas
531 2744 540 2799 ;
552 2722 701 2804 votisque
713 2721 827 2786 vocari

103 2826 259 2890 Adsuetas
275 2825 397 2888 crebris
412 2824 533 2888 feriunt
551 2827 732 2890 ululatibus
747 2845 853 2890 aures.
962 2891 966 2902 ,
1036 2887 1038 2894 .

102 2929 167 2990 Nee
184 2937 321 2994 cunctae
335 2927 457 2992 summi
472 2930 595 3010 templo
612 2928 744 2992 iacuere
756 2927 934 2992 Tonantis:
997 2990 1000 3000 ,
1040 2983 1044 2996 ,

102 3030 251 3096 Divisere
263 3035 369 3095 Deos:
385 3040 417 3094 et
432 3031 534 3095 nullis
550 3030 655 3092 defuit
667 3029 733 3094 aris

102 3135 268 3200 Invidiam
283 3135 411 3224 factura
423 3157 556 3220 parens:
574 3156 716 3216 quarum
732 3155 800 3198 una
816 3137 986 3215 madentes

102 3240 204 3322 Scissa
215 3261 332 3328 genas,
345 3240 481 3323 planctu
494 3239 633 3304 liventes
650 3248 719 3300 atra
732 3241 885 3322 lacertos,

103 3349 213 3430 Nunc,
227 3345 289 3428 ait,
302 3366 324 3428 o
337 3345 476 3410 miserae
492 3343 682 3407 contundite
695 3355 829 3426 pectora
839 3353 975 3432 matres,

103 3455 196 3518 Nunc
208 3453 334 3516 laniate
348 3471 474 3533 comas,
484 3471 571 3524 neve
584 3453 674 3542 hunc
689 3447 818 3514 differte
831 3452 995 3534 dolorem,
1053 3455 1055 3460 ’

103 3555 142 3616 Et
156 3552 294 3619 summis
308 3562 438 3616 servate
449 3551 561 3618 malis:
574 3572 664 3614 nunc
683 3552 761 3612 flere
772 3559 929 3633 potestas,

103 3659 191 3720 Dum
204 3660 329 3741 pendet
344 3658 476 3720 fortuna
493 3659 634 3730 ducum:
648 3676 724 3720 curn
740 3654 856 3720 vicerit
872 3658 968 3736 alter,

104 3761 324 3827 Gaudendum
338 3771 394 3840 eet.
408 3764 469 3832 His
481 3761 662 3830 sestimulis
675 3763 770 3828 dolor
783 3761 853 3846 ipse
865 3759 1002 3834 lacessit.

909 3892 914 3926 l
