2852 4878
384 379 423 441 22
639 369 1086 436 rusnssnrla
1175 369 1303 452 aas.

379 509 524 598 Ambiriss
536 527 568 582 et
581 519 662 585 sesto
675 529 853 606 purgantes
865 518 997 581 moenia
1013 519 1134 600 lustro,

316 636 326 643 “·
377 623 493 709 Longa
510 646 570 707 per
585 633 745 688 extremos
762 622 932 708 pomoeria
953 623 1085 708 cingere
1102 621 1186 685 fines
1265 625 1276 662 ¹

377 727 566 811 Pontifices,
582 730 666 796 sacri
684 729 805 811 quibus
818 739 866 792 est
882 728 1042 812 permissa
1062 738 1216 809 potestas,
1234 725 1237 731 ’

376 837 490 898 Turba
500 835 609 896 minor
621 835 785 916 sequitur,
805 835 870 897 ritu
884 833 1052 899 succincta
1069 831 1216 913 Gabino,

376 940 608 1022 Vestalemque
624 941 766 1006 'chorum
783 938 873 1002 ducit
890 937 1004 1000 vittata
1022 939 1191 1017 sacerdos,

376 1042 554 1106 Troianam
572 1043 635 1108 soli
647 1029 702 1106 cui
715 1045 764 1106 fas
777 1041 898 1104 vidisse
919 1041 1115 1105 Minervam.
1230 1065 1234 1072 ·

376 1152 464 1212 Tum
478 1151 536 1232 qui
547 1151 614 1214 fata
625 1149 732 1214 Derim
744 1160 934 1232 secretaque
947 1149 1094 1212 carmina
1104 1153 1256 1232 servant,
1330 1155 1334 1166 “

374 1257 416 1318 Et
431 1259 532 1318 lotam
547 1277 651 1342 parvo
664 1266 821 1320 revocant
836 1255 975 1320 Almone
993 1257 1174 1336 Cybeben,

374 1361 416 1422 Et
436 1361 551 1424 doctus
565 1363 714 1425 volucres
730 1366 845 1447 Augur
862 1381 992 1424 servare
1009 1359 1174 1438 sinistram

375 1463 624 1546 Septemvirque
639 1465 744 1548 epulis
757 1465 861 1547 iestis,
883 1467 1026 1548 Titiique
1042 1465 1188 1543 sodales3

375 1566 417 1626 Et
431 1565 536 1630 Salius
555 1569 641 1631 laeto
658 1580 792 1653 portans
808 1570 929 1632 ancilia
946 1572 1047 1646 collo;

374 1671 416 1732 Et
429 1671 545 1735 tollens
562 1653 688 1756 apicem
703 1683 863 1758 generoso
880 1671 1001 1736 vertice
1017 1675 1163 1738 Flamen.
1264 1725 1266 1732 Α

375 1777 530 1858 Dumque
541 1778 592 1842 illi
609 1775 747 1844 effusam
761 1777 870 1863 longis
888 1777 1088 1846 anfractibus
1101 1783 1219 1844 urbem

375 1873 568 1966 Circueunt,
581 1887 705 1947 Arruns
719 1881 881 1965 dispersos
901 1884 1051 1950 fulminis
1062 1885 1156 1972 ignes

370 1987 524 2076 Colligit,
537 2001 570 2053 et
578 2001 683 2054 terrae
695 2001 820 2054 moesto
833 2013 909 2054 cum
922 2005 1094 2056 murmure
1104 1995 1233 2078 condit,

373 2091 504 2172 Datque
516 2093 596 2158 locis
610 2115 734 2183 numen
752 2093 866 2161 sacris:
887 2104 964 2158 tunc
982 2099 1137 2160 admovet
1152 2097 1217 2162 aris
1254 2101 1337 2164 soe

374 2198 485 2259 Electa
501 2199 626 2262 cervice
645 2222 780 2264 marem.
801 2202 873 2264 Iam
887 2202 1027 2265 fundere
1043 2207 1209 2268 Bacchum

374 2305 553 2388 Coeperat,
573 2306 774 2388 obliquoque
789 2310 894 2372 molas
911 2308 1068 2374 inducere
1085 2315 1209 2376 cultro:

372 2409 616 2495 impatiensque
629 2412 686 2476 diu
704 2433 772 2477 non
790 2413 876 2500 grati
891 2414 1023 2479 victima
1038 2417 1143 2500 sacri,

374 2519 507 2578 Cornua
518 2509 674 2580 succincti
688 2531 875 2603 premerent
888 2541 964 2583 oum
976 2531 1078 2586 'torva
1097 2525 1257 2610 ministri,

373 2623 532 2705 Deposito
543 2625 669 2690 victum
684 2631 862 2710 praebebat
883 2629 1009 2713 poplite
1024 2633 1157 2696 collum.
1254 2638 1259 2642 “

373 2729 445 2792 Nec
455 2751 552 2802 cruor
565 2732 699 2796 emicuit
712 2733 844 2817 solitus,
861 2738 919 2798 sed
934 2739 1071 2801 vulnere
1081 2741 1176 2827 largo

374 2835 542 2904 Diffusum
557 2841 658 2906 rutilo
674 2844 806 2931 nigrum
826 2840 887 2929 pro
898 2835 1059 2935 sanguine
1072 2850 1172 2915 virus.
1236 2898 1238 2904 ι

374 2949 497 3012 Palluit
511 2950 667 3016 attonitus
681 2951 780 3016 sacris
799 2953 958 3016 feralibus
971 2957 1112 3038 Arruns,

372 3057 479 3138 Atque
494 3056 578 3120 iram
594 3055 756 3140 supersim
770 3059 872 3142 raptis
885 3049 1043 3141 quaesivit
1063 3061 1100 3124 in
1111 3061 1192 3127 extis

327 3161 333 3174 ‘
373 3159 505 3222 Terruit
518 3162 587 3244 ipse
603 3164 695 3226 color
709 3173 817 3226 vatem
826 3179 838 3226 τ’
855 3185 932 3226 nam
950 3165 1076 3248 pallida
1089 3167 1178 3230 tetris

372 3259 508 3328 Viscera
521 3265 620 3328 tincta
638 3266 739 3350 notis,
755 3267 932 3352 gelidoque
945 3267 1066 3332 infecta
1080 3273 1196 3336 eruore

371 3367 537 3434 Plurimus
551 3373 705 3454 adsperso
718 3371 866 3435 variabat
884 3367 1045 3460 sanguine
1058 3375 1155 3440 livor.

370 3472 484 3535 Cernit
497 3477 571 3538 tabe
584 3475 676 3538 iecur
690 3472 881 3557 madidum,
900 3497 1066 3563 venasque
1085 3479 1231 3546 minaces

284 3597 289 3608 ’
370 3574 493 3639 Hostili
507 3577 548 3640 de
565 3589 658 3662 parte
669 3578 768 3642 videt.
783 3565 953 3644 Pulmonis
972 3567 1084 3646 anheli

371 3678 469 3742 Fibra
484 3683 579 3766 latet,
596 3706 781 3768 parvusque
797 3697 884 3751 secat
897 3688 1011 3753 vitalia
1022 3690 1129 3756 limes.

354 3807 355 3812 ¹
372 3789 438 3852 Cor
453 3785 554 3856 iacet:
574 3800 607 3857 et
624 3790 749 3859 saniem
764 3817 825 3881 per
838 3794 967 3866 hiantes
981 3794 1112 3867 viscera·
1123 3795 1226 3874 umas

474 4071 496 4121 ΙΙ
