2790 4874
366 419 424 482 »tt
625 399 1069 464 nunnsnnrtn
1164 403 1286 479 ans.

363 549 504 616 Miratur
521 565 591 610 non
606 545 656 610 ire
669 547 775 630 polos.
791 547 887 608 Nune
900 545 1013 608 omnia
1030 545 1200 628 complent

363 653 546 734 Imbribus,
565 661 598 716 et
613 652 944 735 calidopraeducunt
962 651 1078 715 nubila
1095 654 1249 716 Phoebo:

363 761 404 824 Et
422 755 513 822 tonat
528 758 646 844 ignaro
660 757 793 821 coelum
807 759 896 820 love.
914 756 1060 821 Vocibus
1069 749 1177 820 isdem

364 867 546 930 Humentes
559 865 626 928 late
638 863 793 944 nebulas,
807 861 1004 942 nimbosque
1018 862 1133 926 solutis
1253 947 1255 950 Ι

363 976 542 1052 Excussere
559 970 672 1034 comis
691 968 807 1066 Ventis
822 969 1039 1050 cessantibus,
1053 987 1179 1049 aequor

365 1078 545 1144 Intumuita
561 1097 674 1142 rursus
686 1079 825 1142 vetitum
842 1079 963 1144 sentire
976 1081 1138 1161 procellas

367 1189 545 1269 Conticuit,
561 1189 714 1250 turbante
727 1189 829 1249 Noto:
845 1186 1051 1268 puppimque
1064 1187 1209 1251 ferentes

365 1291 405 1353 ln
421 1297 558 1352 ventum
575 1299 723 1360 tumuere
736 1287 836 1350 sinus.
857 1290 907 1350 De
925 1308 1009 1370 rupe
1021 1287 1183 1371 pependit

365 1397 500 1462 Abscisa
512 1385 596 1460 fixus
613 1406 757 1458 torrens:
774 1394 946 1474 amnisque
963 1395 1110 1456 cucurrit

365 1503 441 1563 Non
453 1519 519 1581 qua
532 1519 658 1582 pronus
672 1509 753 1562 erat.
773 1498 886 1560 Nilum
902 1519 971 1560 non
983 1499 1101 1564 extulit
1117 1509 1236 1562 aestas:

365 1607 545 1670 Maeander
558 1604 677 1668 direxit
694 1623 814 1685 aquas:
831 1605 1099 1683 Rhodanumque
1111 1611 1311 1690 morantem·

307 1747 309 1752 ,
366 1707 599 1790 Praecipitavit
613 1711 713 1772 Arar:
730 1707 893 1770 submisso
907 1707 1030 1770 vertice
1043 1716 1171 1770 montes

367 1812 563 1896 Explicuere
576 1811 702 1899 iugum.
721 1818 831 1878 Nubes
845 1817 989 1899 suspexit
1003 1819 1189 1900 Olympus:

367 1913 498 1976 Solibus
512 1924 544 1976 et
558 1914 660 1978 nullis
674 1916 865 1999 Scythicae,
876 1939 952 1980 eum
969 1919 1088 1983 bruma
1104 1919 1242 2004 rigeret,

367 2019 570 2084 Dimaduere
588 2020 690 2084 nives.
706 2022 885 2103 Impulsam
898 2021 1005 2092 sidere
1018 2025 1154 2104 Tethyn

366 2125 504 2208 Repulit
516 2123 779 2207 Haemonidum,
795 2127 930 2190 defenso
945 2126 1056 2207 litore,
1070 2147 1213 2190 carmen.
1266 2125 1321 2201 480

367 2215 471 2294 Terra
483 2251 617 2310 quoque
636 2229 767 2294 immoti
783 2231 945 2309 concussit
956 2231 1112 2314 ponderis
1126 2251 1235 2312 axem,

266 2411 267 2416 η
367 2341 408 2401 Et
423 2337 572 2400 medium
588 2357 727 2422 vergens
744 2337 818 2402 nisu
836 2338 991 2402 titubavit
1002 2337 1039 2400 in
1051 2339 1177 2400 orbem.

257 2519 262 2535 ι
368 2448 493 2508 Tantae
510 2443 607 2509 molis
624 2465 708 2506 onus
723 2463 915 2526 percussum
930 2463 1011 2508 voce
1029 2446 1177 2527 recessit,

247 2593 250 2608 ,
369 2552 644 2632 Perspectumque
660 2547 752 2612 dedit
765 2545 1033 2614 circumlabentis
1047 2549 1197 2632 Olympi.

371 2660 481 2720 Omne
496 2653 614 2740 poiens
633 2657 757 2720 animal
776 2655 849 2738 leti,
862 2658 1078 2742 genitumque
1097 2677 1228 2741 nocere,

368 2767 410 2826 Et
423 2775 521 2846 pavet
535 2761 750 2843 Haemonias,
764 2772 795 2826 et
811 2763 976 2827 mortibus
989 2764 1122 2828 instruit
1135 2775 1228 2830 artes.
1274 2773 1278 2780 '
1377 2745 1378 2763 Χ

325 2915 331 2927 ·
368 2874 438 2936 Has
453 2870 572 2933 avidae
589 2871 704 2958 tigres,
718 2881 751 2934 et
764 2871 886 2966 nobilis
898 2872 950 2934 ira
963 2874 1099 2936 leonum

369 2975 439 3038 Ore
453 2963 568 3036 iuveni
583 2975 724 3036 blando:
742 2973 870 3060 gelidos
886 2973 937 3037 his
953 2975 1095 3058 explicat
1108 2977 1219 3057 orbes,

370 3079 477 3158 Inque
492 3075 652 3158 pruinoso
667 3078 803 3139 coluber
821 3076 1017 3140 distenditur
1035 3098 1127 3142 arvo.

370 3185 507 3268 Viperei
521 3189 655 3264 coeunt,
671 3187 813 3268 abrupto
827 3169 980 3266 corpore,
1000 3184 1100 3246 nodi:

370 3295 594 3382 Humanoque
606 3291 693 3355 cadit
706 3305 839 3376 serpens
854 3295 974 3355 adflata
987 3312 1128 3356 ueneno.

370 3396 454 3482 Quis
466 3398 560 3459 labor
569 3395 625 3458 hic
635 3395 780 3478 Superis,
792 3405 904 3459 cantus
917 3399 1100 3478 herbasque
1113 3392 1284 3478 sequendi,
1375 3393 1376 3412 ¹

370 3502 619 3584 Spernendique
632 3502 757 3564 timor?
775 3501 868 3565 cuius
883 3504 1080 3567 commercia
1093 3503 1184 3585 pacti
1246 3554 1250 3562 .

262 3593 266 3604 ¹
373 3606 555 3669 Obstrictos
567 3609 713 3672 habuere
725 3610 835 3672 Deos?
846 3627 964 3690 parere
979 3629 1110 3672 neeesse
1126 3617 1192 3688 est,

371 3715 423 3776 An
438 3711 554 3774 iuvat?
569 3712 683 3798 ignota
699 3723 825 3776 tantum
844 3714 965 3796 pietate
976 3714 1171 3775 merentur?

371 3819 424 3880 An
440 3813 543 3880 tacitis
558 3817 694 3882 valuere
708 3817 832 3884 minis?
848 3817 1005 3884 hociuris
1021 3817 1058 3881 in
1076 3837 1192 3884 omnes
