2788 4880
16 371 18 420 t
288 389 489 454 menn
528 339 609 454 ill:
649 409 772 473 ero.
974 393 1011 478 lt

16 599 17 606 χ
67 535 131 617 Qua
147 531 234 596 celer
245 540 280 596 et
294 531 393 596 rectis
406 533 608 596 descendens
622 535 757 618 Marsya
773 533 855 620 ripis

16 663 17 672 κ
69 635 231 698 Emntcm
243 637 449 698 Maeandron
463 633 549 716 adit,
571 636 760 717 mixtusque
777 640 936 706 refertum

16 755 17 792 1
68 744 216 821 Passaque
232 744 275 804 ah
289 741 440 806 auriferis
460 743 556 808 tellus
573 743 663 806 exire
678 745 824 810 metallis

17 925 18 930 γ
68 851 227 914 Pactolon:
248 868 317 930 qua
329 851 415 914 culta
434 859 521 913 secat
539 869 608 913 non
626 850 726 914 vilior
741 855 891 918 Hermos.

68 956 173 1018 Iliacae
185 975 319 1038 quoque
331 956 425 1043 signa
442 977 579 1040 manus,
598 963 809 1042 perituraque
827 975 931 1028 castra

70 1057 233 1124 Ominibus
246 1061 371 1144 petiere
387 1061 468 1126 suia:
491 1083 553 1126 nec
576 1064 689 1128 fabula
709 1067 829 1130 Troiae

71 1167 244 1248 continuit,
259 1168 465 1253 Phrygiique
484 1169 592 1234 terens
607 1191 643 1234 se
656 1175 774 1236 Caesar
795 1174 868 1240 lilli.

104 1273 266 1336 Accedunt
284 1272 400 1356 Syriae
415 1274 550 1358 populi,
571 1277 716 1341 desertus
736 1279 894 1358 Orontes,

71 1377 199 1460 Etfelix,
215 1379 265 1444 sic
277 1379 383 1460 fama,
404 1377 525 1442 Ninos:
547 1391 684 1447 ventosa
698 1385 896 1463 Damascos,

73 1482 223 1565 (lamque,
242 1493 275 1546 et
292 1485 425 1546 arbusto
448 1484 635 1567 palmarum
651 1485 743 1550 dives
760 1487 892 1550 Idume:

71 1587 103 1649 Et
116 1590 218 1670 Tyros
238 1587 398 1652 instabilis
404 1635 414 1673 ,
435 1589 644 1672 pretiosaque
663 1592 792 1654 murice
805 1590 921 1653 Sidon.

72 1695 126 1757 llas
138 1698 177 1759 ad
193 1696 283 1758 hella
297 1705 381 1760 rates
400 1715 469 1761 non
488 1699 572 1762 flexo
596 1698 702 1763 limite
720 1698 834 1782 ponti,

72 1798 182 1862 Certior
194 1801 286 1862 hau'd
301 1799 377 1864 ullis
395 1800 489 1863 duxit
506 1803 678 1883 Cynosura
695 1801 824 1866 carinis.

73 1905 235 1972 Phoenices
248 1905 372 1990 primi,
389 1906 497 1970 lamae
516 1906 545 1970 si
567 1906 730 1989 ereditur,
747 1906 820 1971 ausi

72 2008 245 2072 Mansuram
263 2010 403 2078 rudibus
420 2025 537 2086 vocem
557 2011 688 2098 signare
707 2011 834 2099 figuris.

72 2113 209 2179 Nondum
229 2116 402 2180 flumineas
417 2116 583 2200 Memphis
602 2127 775 2182 contexere
794 2117 903 2181 hihlos
957 2129 1015 2178 aaa

73 2217 212 2282 Noverat:
230 2230 262 2282 et
276 2221 362 2284 saxis
383 2231 528 2304 tantum,
547 2224 763 2302 volucresque
780 2221 952 2300 feraeque,

74 2321 253 2407 Sculptaque
271 2327 446 2388 servabant
461 2325 604 2412 magicas
618 2317 776 2388 animalia
792 2323 933 2409 linguas.

75 2424 225 2491 Deseritur
243 2427 410 2508 Taurique
430 2447 562 2512 nemus,
579 2431 761 2510 Perseaque
776 2429 912 2509 Tarsos,
956 2421 959 2434 '
1029 2440 1032 2481 l
1085 2447 1088 2461 ·

75 2530 300 2618 Coryciumque
316 2543 432 2617 patens
448 2533 551 2598 exesis
565 2534 705 2616 rupibus
720 2541 870 2614 autrum,

74 2636 186 2719 llallos,
207 2649 241 2700 et
259 2649 423 2702 extremae
441 2649 597 2702 resonant
613 2638 786 2702 navalibus
805 2640 925 2724 Aegae.

74 2737 151 2820 Itque
168 2742 257 2804 Cilix
272 2742 372 2823 iusta,
385 2741 453 2802 ianr
467 2759 536 2806 non
555 2725 815 2826 pirata,oarina.

75 2843 163 2910 Movit
182 2857 217 2910 et
236 2849 321 2910 Eoos
338 2848 503 2910 bellorum
519 2847 607 2910 fama
621 2864 777 2927 recessus,

74 2948 135 3032 Qua
148 2952 267 3015 coliata
278 2953 425 3037 Ganges,
446 2961 514 3014 toto
534 2951 593 3032 qui
608 2953 698 3014 solus
717 2951 754 3012 in
771 2949 854 3012 orhe

75 3049 152 3114 Ostia
161 3053 309 3117 nascenti
327 3054 793 3118 contrariasolverePhoeho

75 3153 179 3238 ludet,
195 3167 229 3220 et
243 3159 420 3220 adversum
439 3159 556 3220 tluotus
574 3153 718 3240 impellit
738 3156 776 3246 in
793 3157 934 3218 Eurum:

75 3257 126 3321 llic
143 3263 199 3326 uhi
217 3263 368 3326 Pellaeus
384 3271 458 3346 post
475 3264 621 3345 Tethyos
637 3279 782 3344 aequora
798 3262 916 3324 ductor

76 3365 229 3450 Constitit,
248 3367 280 3433 et
294 3390 420 3456 magno
439 3371 529 3435 vinci
543 3391 579 3436 se
597 3372 700 3436 Passus
717 3373 759 3434 ab
775 3371 858 3432 orbe
876 3375 933 3433 est.

74 3469 198 3556 Quaque
212 3479 322 3542 ferens
338 3477 509 3560 rapidum,
526 3478 634 3542 diviso
653 3477 803 3567 gurgite,
822 3477 947 3540 fontem

74 3578 166 3646 Vastis
180 3587 283 3650 Indus
301 3587 394 3668 aquis
411 3587 552 3649 mixtum
569 3607 640 3653 uon
659 3587 759 3652 sentit
777 3589 976 3674 Hydapsen;

75 3683 190 3768 Quique
207 3690 327 3766 hibunt
340 3702 452 3756 tenera
463 3693 574 3756 dulces
591 3693 634 3754 ab
652 3691 815 3756 arundine
829 3709 968 3786 succos,

75 3787 108 3852 Et
120 3795 176 3876 qui
192 3797 356 3887 tingentes
372 3820 489 3865 croceo
506 3799 722 3866 medicamine
740 3799 866 3865 crinem
990 3820 996 3829 ’
