2824 4880
344 381 404 462 em
682 379 961 441 CARMEN
1136 400 1266 452 nnn

343 523 554 593 Carminibus
568 532 691 590 certare
708 525 811 590 meis:
826 526 1003 590 sublimior
1015 527 1089 609 ihc,
1147 576 1150 587 ,

342 631 378 696 Si
397 633 505 700 famae
519 627 604 692 mihi
624 627 743 711 pandis
756 629 833 711 iter,
852 628 881 692 si
893 630 1039 702 detrahis
1054 633 1221 704 umbram.

340 737 463 803 Abdita
481 735 563 818 quid
579 737 715 818 prodest
732 735 887 822 generosi
901 757 988 800 rena
1006 738 1154 822 metalli,

341 841 377 904 si
393 843 519 906 cultore
534 843 645 904 caret?
658 841 739 923 quid
755 841 854 906 inerti
866 837 1001 912 condita
1019 853 1138 925 portu,
1186 851 1196 866 ⁸

339 945 376 1009 Si
389 944 533 1010 ductoris
549 955 636 1032 eget,
650 946 728 1008 ratis
741 943 859 1026 efficit,
878 945 991 1012 omnia
1009 947 1169 1027 quamvis

339 1057 554 1126 Armamenta
574 1053 673 1134 terat,
690 1051 850 1132 teretique
862 1051 998 1118 fluentia
1015 1055 1105 1135 malo

340 1156 461 1238 Possit,
479 1167 512 1220 et
531 1177 665 1220 mcusso
680 1156 846 1223 dimittere
859 1158 934 1222 vela
952 1159 1116 1223 rudente?

339 1264 416 1346 lpse
433 1285 494 1348 per
508 1263 670 1329 Ausonias
685 1265 809 1328 tenera
828 1262 978 1332 cumina
989 1272 1104 1348 gentes

341 1365 529 1448 Quisnam,
550 1365 679 1452 ingenti
695 1364 754 1448 qui
766 1355 901 1434 nornine
915 1366 1025 1448 pulsat
1039 1367 1248 1452 Olympum,

339 1472 598 1554 Maeoniumque
612 1493 726 1540 senem
745 1475 898 1536 Romano
914 1482 1074 1554 provocat
1086 1492 1163 1556 ore,
1181 1529 1185 1538 .

267 1631 271 1638 .
340 1579 490 1648 Forsitan
501 1580 591 1646 iltius
604 1581 751 1644 nemoris
769 1579 914 1650 latuisset
926 1579 964 1642 in
978 1581 1116 1662 umbra,

341 1688 442 1772 Quod
455 1687 559 1770 canit,
576 1699 608 1752 et
620 1688 725 1752 sterili
740 1697 867 1754 tantum
878 1698 1039 1758 cantasset
1049 1707 1185 1772 arenas.

339 1791 477 1876 Ignotus
491 1793 642 1876 populis,
661 1792 690 1856 si
704 1797 895 1862 Maecenate
909 1803 1045 1860 careret.

341 1899 409 1985 Qui
429 1910 538 1962 tamen
554 1903 644 1962 haud
663 1900 724 1966 uni
741 1900 895 1982 patelieoit
910 1900 1028 1968 limina
1042 1901 1127 1984 vati,

340 2011 370 2070 N
372 2029 409 2070 ec
419 1997 480 2070 sua
492 2007 635 2092 Virgilio
655 2005 805 2090 permisit
818 2005 959 2072 numina
973 2005 1048 2074 soli-

340 2115 515 2179 Maecenas
531 2112 655 2196 tragico
675 2109 878 2192 quatientem
886 2108 1022 2202 pulpita
1039 2116 1148 2176 caestu
1248 2114 1308 2177 ²26

338 2219 457 2280 Erexit
473 2220 631 2286 Varium:
644 2222 817 2284 Maecenas
833 2219 899 2286 atta
911 2216 1073 2286 Thoantis

338 2322 454 2403 Emit,
472 2331 504 2386 et
521 2322 655 2404 populis
672 2324 814 2394 ostendit
829 2322 968 2390 nomina
985 2307 1109 2396 Graiis(

215 2485 218 2492 .
340 2429 499 2495 Carmina
514 2429 675 2496 Romanis
688 2429 788 2494 etiarn
801 2427 990 2496 resonantia
1005 2427 1153 2509 mordis,

277 2547 290 2558 “
340 2535 588 2617 Ausoniamque
606 2537 734 2620 chelyn·
746 2533 878 2623 gracilis
895 2534 1050 2618 patefecit
1064 2525 1192 2606 Horati.

342 2642 374 2703 0
384 2642 502 2724 decus,
518 2649 551 2704 et
564 2649 633 2704 toto
649 2639 769 2704 merito
787 2637 986 2711 venerabilis
1003 2657 1091 2705 aevo

339 2741 443 2814 Pierii
458 2745 560 2811 tutela
576 2742 691 2825 chari,=
702 2763 769 2824 quo
782 2744 933 2827 praeside
950 2743 1014 2808 tuti

339 2846 416 2908 Non
434 2866 585 2928 unquam
599 2857 689 2912 vates
707 2847 803 2931 inopi
823 2851 964 2912 timuere
978 2855 1138 2912 senectae.

281 2932 283 2940 ’
340 2951 481 3035 Quodsi
493 2953 569 3034 quis
581 2954 700 3022 nostris
712 2953 867 3036 precibus
880 2953 989 3036 loeus,
1006 2963 1039 3018 et
1051 2959 1216 3023 mearnta

340 3055 377 3118 Si
393 3065 537 3121 mentem
549 3058 679 3145 subiere
696 3068 804 3142 tuam,
823 3054 1049 3134 memorabilis
1063 3057 1145 3120 olim

342 3163 394 3224 Tu
414 3161 497 3256 mihi
513 3166 687 3226 Maecenas
707 3163 809 3230 tereti
820 3165 995 3232 cantabero
1008 3183 1116 3231 uersu.

341 3273 519 3338 Possumus
537 3280 691 3334 aeternae
711 3291 834 3360 nomen
852 3269 1057 3338 committere
1071 3271 1198 3340 famaet
1286 3325 1290 3332 .

341 3374 378 3440 Si
397 3387 507 3443 tamen
524 3377 589 3439 hcc
604 3377 667 3440 ulli
683 3380 725 3440 de
734 3399 769 3444 se
788 3376 982 3461 promittere
995 3377 1044 3446 tas
1062 3388 1130 3460 est,

340 3480 382 3548 Et
399 3481 488 3545 Deus
504 3482 594 3544 ultor
607 3484 715 3544 abest:
729 3490 876 3565 superest
887 3484 1039 3548 animosa
1057 3487 1233 3568 voluntas,

340 3578 482 3664 Ipseque
496 3585 607 3651 nescio
620 3586 702 3666 quid
715 3607 809 3652 mens
824 3589 1039 3656 excellentius
1055 3593 1164 3657 audet.

342 3687 394 3748 Tu
406 3685 499 3756 nanti
513 3691 674 3770 protende
684 3709 840 3754 manum:
855 3701 904 3776 tu,
919 3692 1010 3776 Piso,
1021 3694 1179 3756 latentem

297 3860 299 3873 ,
341 3783 472 3863 unna.
489 3794 701 3864 Noshumitis
712 3797 845 3882 donus,
862 3805 896 3869 et
910 3796 1039 3871 sincera
1055 3807 1251 3884 parentum,
