2852 4878
358 421 381 486 4
622 405 1067 475 runnsaartn
1181 437 1285 501 mg.

357 551 426 616 Sub
442 550 523 638 iuga
538 547 604 614 iam
623 552 730 633 Seres,
743 549 810 614 iam
827 553 988 615 barbarus
1004 551 1079 616 isset
1095 551 1236 636 Araxes,

356 653 398 714 Et
414 673 495 739 gens
508 650 537 716 si
550 671 616 737 qua
634 651 719 714 iacet
732 653 881 718 nascenti
893 653 1025 720 conscia
1038 654 1126 718 Nilo.
1156 735 1159 742 1

355 759 468 842 Tunc,
486 758 516 822 si
530 769 640 823 tantus
658 777 753 822 arnor
767 761 849 824 belli
870 748 949 844 tibi,¹
961 765 1089 848 Roma,
1109 767 1265 853 nefandi,

355 867 479 930 Totum
492 867 555 931 suh
568 865 680 930 Latias
691 867 783 953 leges
802 889 880 931 curn
895 869 1024 956 miseris
1044 873 1181 956 orbem,

354 973 396 1040 In
412 983 446 1036 te
458 982 550 1036 verte
564 991 700 1039 manus:
717 975 868 1038 nondum
881 957 946 1036 'tibi
964 974 1072 1036 deluit
1086 966 1201 1050 hostis.
1304 1035 1319 1054 ,

354 1079 397 1141 At
409 1097 500 1140 nunc
512 1075 678 1141 semirutis
690 1080 838 1160 pendent
855 1079 946 1160 quod
960 1079 1095 1142 moenia
1108 1081 1201 1146 tectis

354 1181 500 1246 Urbibus
513 1179 644 1264 Italiae,
664 1179 830 1270 lapsisque
844 1181 997 1270 ingentia
1010 1182 1116 1248 muris

353 1287 439 1350 Saxa
451 1287 575 1367 iacent3
592 1287 754 1368 nulloque
766 1290 886 1351 domus
898 1291 1032 1352 custode
1046 1299 1216 1374 tenentur,

353 1393 462 1456 Rarus
476 1402 507 1456 et
523 1390 669 1472 antiquis
682 1389 848 1454 habitator
861 1390 898 1452 in
913 1391 1052 1458 urbibus
1070 1403 1172 1472 errat;

351 1496 500 1562 Horrida
513 1497 605 1580 quod
622 1495 746 1576 dumis,
764 1496 952 1578 multosque
967 1497 1096 1570 inarata
1109 1521 1171 1583 per
1183 1521 1292 1570 annos
1322 1517 1324 1520 ·

352 1601 515 1686 Hesperia
526 1611 588 1683 est,
608 1601 793 1679 desuntque
809 1619 928 1663 manus
941 1601 1155 1683 poscentibus
1165 1605 1271 1683 arvis3

352 1710 429 1771 Non
444 1717 495 1789 tu,
513 1707 643 1790 Pyrrhe
660 1703 770 1785 ferox,
789 1703 853 1767 nec
867 1703 964 1768 tantis
979 1707 1132 1771 cladibus
1149 1718 1267 1776 auctor

352 1816 483 1878 Poenus
496 1811 575 1875 erit:
590 1810 677 1874 nulli
691 1809 824 1894 penitus
839 1812 1039 1875 descendere
1055 1812 1146 1876 ferro
1174 1851 1185 1864 ·

353 1916 519 2004 Contigit:
534 1917 602 1982 alta
618 1917 734 1979 sedent
751 1913 860 1977 civilis
874 1918 1016 1979 vulnera
1032 1920 1176 1984 dextrae.

277 2107 281 2114 ι
353 2027 454 2113 Quod
469 2025 499 2089 si
515 2044 584 2088 non
600 2007 702 2088 aliam
717 2031 860 2086 venturo
877 2021 946 2086 fata
963 2025 1090 2088 Neroni
1181 2074 1184 2080 ,

351 2135 515 2198 Invenere
527 2133 634 2214 viam,
654 2151 845 2218 magnoque
863 2141 998 2196 aeterna
1010 2142 1172 2216 parantur
1279 2142 1323 2216 34

266 2322 268 2339 Ι
351 2241 471 2326 Regna
487 2235 586 2318 Deis,
603 2238 802 2317 coelumque
814 2255 875 2300 suo
894 2237 1019 2302 servire
1035 2237 1182 2307 Tonanti

350 2345 427 2407 Non
440 2341 505 2408 nisi
521 2359 698 2406 saevorum
714 2340 824 2424 potuit
843 2351 919 2424 post
937 2342 1027 2405 bella
1042 2335 1235 2428 gigantum:

349 2452 424 2514 Iam
430 2449 532 2534 nihil,
545 2470 567 2512 o
576 2447 707 2534 Superi,
727 2447 916 2532 querimur:
925 2432 1049 2512 scelera
1058 2451 1147 2534 ipsa,
1159 2452 1321 2534 nefasque

284 2641 291 2648 ἱ
350 2560 424 2622 Hac
439 2559 592 2622 mercede
604 2557 753 2640 placent:
773 2555 864 2620 diros
879 2555 1050 2620 Pharsalia
1063 2577 1199 2640 campos

350 2661 507 2745 Impleat3
523 2671 555 2724 et
568 2659 673 2724 Poeni
689 2653 879 2724 saturentur
890 2650 1056 2749 'sanguine
1070 2680 1197 2740 manes3

229 2803 237 2818 =
350 2769 478 2832 Ultima
486 2768 616 2832 funesta
630 2775 831 2830 concurrant
845 2764 975 2850 proelia
988 2769 1125 2832 Munda.

348 2877 559 2959 Histiaeus,
574 2875 734 2940 Perusina
747 2875 869 2958 tames,
885 2875 1101 2958 Mutinaeque
1115 2877 1246 2956 labores

348 2983 516 3046 Accedant
529 2980 626 3044 fatis·
617 2989 695 3062 ‚et,
716 2999 798 3060 quas
816 2981 939 3064 premit
961 2999 1094 3064 aspera,
1111 2981 1243 3080 classes,

346 3085 492 3162 leucas,
508 3093 541 3146 et
553 3083 685 3146 ardenti
698 3084 832 3146 servilia
846 3086 935 3148 bella
944 3087 1010 3174 sub
1025 3088 1142 3149 Aetna.

347 3191 492 3272 Multum
509 3191 617 3251 Roma
633 3198 744 3255 tamen
762 3191 860 3254 debet
877 3169 1044 3258 civilibus
1050 3191 1170 3274 armis,

347 3281 448 3380 Qu‘od
463 3292 523 3358 tibi
537 3313 590 3356 res
609 3303 683 3356 acta
696 3301 755 3355 est.
773 3294 836 3376 Te,
856 3313 948 3376 cum,
964 3292 1107 3356 statione
1122 3299 1275 3386 peracta,

276 3481 280 3490 Ι
345 3403 442 3466 Astra
457 3411 548 3484 petes
560 3419 667 3481 serus,
684 3398 824 3482 praelati
843 3399 935 3486 regia
953 3399 1038 3463 coeli
1107 3425 1109 3430 ·

286 3505 287 3508 ’
345 3505 511 3589 Excipiet,
528 3507 695 3591 gaudente
712 3505 818 3588 polo:
822 3525 880 3568 seu
893 3513 1023 3588 sceptra
1039 3513 1169 3588 tenere,
1296 3583 1299 3590 ἱ

343 3609 408 3672 Seu
427 3620 459 3672 te
453 3607 694 3708 flammigeros
713 3599 842 3688 Phoebi
856 3611 1077 3674 conscendere
1093 3627 1229 3693 currus,

343 3719 600 3800 Telluremque,
619 3715 705 3782 nihil
718 3727 846 3781 mutato
865 3719 936 3782 sole
950 3717 1142 3800 timentem,
1242 3800 1244 3804 ι

329 3825 426 3911 'Igne
444 3842 547 3913 vago
550 3824 692 3910 lustrare
709 3823 820 3889 iuvat:
841 3823 905 3890 tibi
916 3823 1055 3892 numine
1071 3827 1114 3890 ab
1128 3820 1223 3889 omni
