2824 4880
301 375 508 440 LIBER
547 377 672 443 v111.
712 397 836 464 v.719.
994 401 1053 468 aeq

94 521 268 608 Compulit,
288 530 326 588 ut
342 521 459 590 medib
480 523 666 608 quaesitum
682 547 803 612 corpus
819 525 856 592 in
875 529 976 594 undis

92 633 278 699 Duceretad
288 641 423 717 terram,
433 636 647 717 ‘traheretque
659 636 703 698 ad
718 634 816 698 litora
831 637 1005 723 Magnum·
1048 645 1052 650 '

92 737 180 802 Lucis
190 749 318 804 moesta
334 759 526 824 parumper
539 741 657 804 densas
672 738 821 824 Cynthia
836 741 942 807 nubes
1037 783 1054 816 .-

90 841 282 919 Praebebat3
297 861 381 905 cano
393 844 451 906 sed
467 843 774 924 discolor-aequore
787 854 925 912 mancus

93 945 304 1030 Conspicitur.
322 949 427 1011 Tenet
439 949 498 1014 ille
512 953 632 1013 ducem
651 951 881 1034 complexibus
898 951 996 1038 artis,

90 1055 251 1140 Eripiente
263 1057 364 1120 mari:
378 1080 469 1122 nunc
480 1057 587 1122 victus
604 1061 753 1144 pondere
772 1069 864 1124 tanto

89 1162 256 1245 Exspectat
268 1165 405 1246 fluctus,
421 1166 608 1250 pelagoque
624 1163 760 1228 iuvante
773 1165 916 1230 cadaver

88 1266 239 1350 Impellit.
251 1271 429 1350 Postquam
445 1268 533 1334 sicco
547 1268 616 1334 iam
635 1269 732 1334 litore
741 1269 846 1352 sedit,

88 1371 237 1436 Incubuit
245 1376 384 1461 Magno,
400 1374 617 1458 lacrimasque
633 1371 752 1439 effudit
764 1375 800 1440 In
816 1396 918 1442 omne

89 1481 225 1562 Vulnus,
238 1489 270 1542 et
282 1483 327 1544 ad
337 1481 479 1566 Superos
493 1484 700 1564 obscuraque
709 1481 818 1546 sidera
831 1483 934 1548 fatur:
1047 1515 1049 1519 ·

88 1585 157 1646 Non
170 1587 312 1669 pretiosa
326 1587 409 1670 'petit
424 1591 594 1664 cumulato
611 1597 684 1652 ture
696 1591 849 1673 sepulcra

87 1688 275 1773 Pompeius,
288 1693 447 1776 Fortuna,
462 1703 553 1756 tuus:
569 1711 638 1756 non
651 1693 786 1781 pinguis
803 1695 846 1756 ad
864 1699 951 1758 astra

87 1791 129 1856 Ut
138 1795 221 1858 ferat
239 1817 258 1859 e
274 1798 432 1869 membris
446 1799 532 1862 Eoos
545 1801 657 1864 fumus
672 1803 809 1882 odores,
1045 1783 1052 1796 ⁶

86 1901 128 1961 Ut
139 1902 290 1980 Romana
300 1921 398 1966 suum
407 1914 535 1992 gestent
548 1905 605 1989 pia
616 1907 702 1968 colla
715 1914 914 1990 parentem,-

86 2005 247 2068 Praeferat
260 2016 299 2070 ut
314 2017 441 2072 veteres
459 2010 570 2073 feralis
588 2029 714 2094 pompa
728 2011 935 2094 triumphos,

86 2107 127 2170 Ut
139 2120 294 2175 resonent
309 2111 393 2176 tristi
410 2124 508 2176 cantu
530 2115 618 2196 lora,
638 2123 726 2178 totus
747 2114 917 2202 utigneio
987 2121 1047 2198 734

84 2216 237 2282 Proiectis
255 2240 406 2286 moerens
424 2221 587 2286 exercitus
600 2222 726 2286 ambiat
742 2221 854 2288 armis.

84 2325 131 2386 Da
143 2324 245 2388 vilem
260 2329 383 2414 Magno
398 2328 522 2412 plebeii
538 2329 665 2393 funerIs
681 2347 810 2412 arcam,

85 2431 174 2514 Quae
186 2433 334 2496 lacerum
348 2453 468 2516 corpus
481 2433 583 2498 siccos
599 2431 750 2498 effundat
767 2435 805 2498 in
816 2434 922 2521 ignes.

83 2537 215 2600 Robora
226 2557 295 2600 non
305 2537 413 2602 desint
425 2539 567 2622 misero,
580 2561 642 2603 nec
653 2539 805 2607 sordidus
815 2550 917 2604 ustor.

82 2645 127 2708 Sit
139 2646 233 2728 satis,
246 2645 413 2729 oSuperi,
429 2647 526 2726 quod‘
534 2665 604 2708 non
615 2641 769 2708 Cornelia
781 2643 857 2708 fuso

83 2751 180 2814 Crine
192 2751 293 2834 iacet,
309 2749 481 2831 subicique
495 2749 603 2812 facem
616 2749 790 2832 complexa
809 2746 970 2810 maritum
1043 2783 1047 2793 ·

81 2860 241 2942 Imperat,
257 2863 405 2930 entismo
420 2857 479 2922 sed
491 2859 583 2918 abest
600 2875 620 2916 a
634 2854 752 2916 funere
769 2851 859 2916 busti

80 2967 199 3030 Infelix
217 2966 354 3050 coniux,
372 2987 434 3059 nep
448 2967 556 3027 adhuc
574 2962 705 3025 alitore
721 2961 822 3048 longe
841 2967 906 3046 est,

81 3069 133 3134 Sic
149 3071 251 3154 tatus,
267 3091 387 3154 parvos
400 3068 529 3132 iuvenis
542 3069 659 3152 procul
676 3065 817 3148 adspicit
829 3064 942 3154 ignes,

81 3174 208 3254 Corpus
223 3171 291 3252 vile
300 3171 383 3254 suIs,
398 3171 493 3234 nullo
512 3171 666 3251 custode,
685 3177 879 3230 cremantes.

78 3281 162 3344 Inde
178 3279 267 3364 rapit
278 3281 442 3362 flammas,
455 3277 677 3357 semiustaque
694 3276 816 3343 robora
829 3269 989 3336 membrIs

79 3391 284 3476 subducens,
293 3391 526 3473 ,Quaecunque
539 3406 587 3468 es,
602 3384 665 3466 ait,
680 3385 845 3474 neglecta,
862 3399 926 3442 nco
938 3379 1002 3444 ulli

80 3495 164 3554 Cara
175 3503 248 3575 tuo,
264 3495 323 3556 sed
335 3487 493 3575 Pompeio
510 3490 640 3554 felicior
653 3491 788 3567 umbra,
1022 3554 1043 3565 ,,

80 3599 179 3681 Quod
192 3597 260 3658 iarn
271 3596 491 3680 compositum
502 3597 605 3660 violat
614 3617 732 3660 manus
746 3593 877 3680 hospita
890 3599 1042 3683 bustum,
1130 3647 1133 3656 ,

78 3704 127 3766 Da
144 3700 294 3764 veniamz
314 3701 435 3783 siquid
446 3723 559 3767 sensus
572 3713 647 3785 post
657 3703 724 3785 fata
737 3701 890 3766 relicmm
898 3712 960 3784 est,

79 3801 176 3868 Cedis
190 3812 222 3867 et
232 3803 303 3886 ipsa
310 3825 393 3893 rogo
399 3851 409 3890 ‚
423 3805 702 3890 paterisquebaec
717 3807 840 3872 damna
847 3805 1010 3892 sepulcri,
1039 3842 1043 3850 »
