2852 4878
379 357 681 432 Lllilllill.
721 372 825 454 v.75.
1040 398 1080 466 ²9

39 586 40 598 ἵ
117 507 244 571 Poenas
258 515 335 571 ante
351 511 451 575 dabat
467 513 646 578 sceler-urus
664 535 752 580 mors
765 518 836 602 ipsa
852 519 974 609 re't‘ugit

116 611 219 695 Saepe
233 611 358 693 virum,
375 613 561 696 frustraque
577 617 662 682 hosti
679 632 727 686 est
740 641 892 688 concessa
905 637 1049 708 potestas
1138 613 1141 623 ⁴

94 797 97 802 Ι
116 715 292 802 Sanguinis
304 715 414 780 invisi.
434 719 546 784 Primo
562 722 619 802 qui
636 723 746 788 caedis
759 725 796 790 in
810 727 878 792 ictu

115 818 282 904 Deriguit,
298 819 488 904 ferrumque
506 835 776 910 manui-torpente
789 831 931 917 remisit,
1036 877 1039 884 ,

115 925 253 990 Viderat
266 925 464 990 immensam
480 932 654 994 tenebroso
668 931 704 994 in
721 953 851 1000 earcere
867 941 993 1025 lucem,
1015 970 1018 978 ·

114 1035 357 1116 Terribilesque
373 1037 460 1100 Deos
472 1038 870 1135 scelerum,Mariumque
886 1046 1052 1130 futurum

113 1139 337 1220 Audieratque
350 1159 491 1222 pavens:
507 1143 582 1204 Non
597 1142 678 1204 haec
692 1143 883 1231 ooutingere
900 1147 949 1214 fas
964 1163 1013 1218 est

115 1249 204 1310 Colla
221 1247 301 1310 tibi:
317 1250 414 1311 debet
429 1251 550 1312 multas
565 1251 621 1312 hio
636 1249 767 1336 legibus
778 1253 868 1336 aevi,

112 1352 193 1413 Ante
210 1369 321 1432 suam,
335 1361 476 1415 mortes:
491 1373 615 1415 vanum
631 1356 761 1437 depone
776 1357 935 1423 furorem.

112 1453 141 1514 Si
156 1453 237 1519 libet
254 1452 368 1516 ul‘oisoi
387 1456 513 1518 deletae
527 1455 648 1520 funera·
658 1459 779 1544 gentis,

110 1561 223 1642 Hune,
238 1559 382 1643 Cimbri,
395 1571 521 1626 servate
533 1583 656 1628 senem.
673 1567 748 1630 Non
760 1565 819 1634 ille
832 1567 948 1633 favore

110 1665 276 1747 Numinis,
291 1665 418 1752 ingenti
429 1666 591 1750 Superum
611 1679 776 1764 protectus
789 1672 832 1734 ab
845 1672 914 1756 ira,

110 1770 166 1834 Vir
180 1771 283 1850 ferus,
298 1781 330 1832 et
343 1773 484 1836 Rotnarn
501 1773 647 1856 cupienti
661 1777 798 1856 perdere
813 1776 881 1839 fato

107 1871 286 1936 Sufficiens.
305 1875 397 1937 ldem
414 1877 534 1962 pelago
550 1877 676 1942 delatus
691 1879 808 1960 iniquo

107 1980 268 2044 Hostilem
282 1979 319 2042 in
333 1990 467 2061 terram,
481 1980 660 2064 vacuisque
676 1985 860 2066 mapalibus
875 1996 983 2074 actus,

105 2089 199 2150 Nuda
216 2084 410 2168 triumphati
426 2085 528 2149 iacuit
545 2093 605 2167 per
618 2107 721 2173 regna
734 2089 930 2174 Iugurthae,
1022 2113 1061 2184 qo

106 2191 142 2250 Et
155 2191 284 2252 Poenos
300 2188 415 2271 pressit
430 2189 566 2252 eineres.
586 2189 709 2254 Solatia
725 2191 785 2256 fati

105 2297 282 2381 Carthago,
299 2291 488 2374 Mariusque
503 2294 596 2360 tulit:
611 2296 801 2378 pariterque
816 2293 960 2367 iacentes
1061 2344 1067 2350 -

104 2401 264 2487 Ignovere
277 2399 366 2462 Deis.
384 2399 526 2483 libycas
541 2400 604 2464 sibi
619 2402 745 2488 colligit
760 2403 841 2486 iras,

104 2507 145 2570 Ut
163 2507 309 2590 primum
325 2508 458 2568 fortuna
472 2505 575 2568 redit:
591 2504 723 2568 servilia
742 2507 845 2582 solvit¹

104 2616 255 2702 Agmina:
272 2613 412 2676 conflato
425 2630 538 2676 saevas
555 2611 720 2696 ergastula
734 2610 824 2676 terro

103 2721 279 2783 Exseruere
294 2735 421 2780 manus.
440 2713 532 2778 Nulli
548 2715 705 2800 gestanda
722 2715 887 2780 dabantur

102 2825 199 2909 Signa
214 2821 400 2906 ducis,'nisi
419 2819 477 2902 qui
490 2820 651 2882 scelerum
666 2818 733 2882 iarn
750 2821 871 2888 fecerat
885 2843 996 2907 usum,

100 2935 325 3012 Attuleratque
343 2930 380 2992 in
396 2940 501 2992 eastra
515 2927 617 2989 nefas.
639 2928 703 2988 Pro
717 2926 799 2988 tutat
817 2927 890 3008 quis
905 2928 974 3010 itte,

99 3035 179 3120 Quis
194 3033 259 3096 fuit
276 3033 334 3096 ille
351 3031 438 3114 dies,
450 3029 575 3096 Marius
593 3047 660 3110 quo
680 3029 813 3094 moenia
827 3031 934 3094 victor

99 3143 287 3226 Corripuit?
302 3151 491 3223 quantoque
507 3139 613 3225 gradu
630 3159 720 3209 mors
734 3159 831 3204 saeva
845 3141 1014 3204 cucurrit?

99 3251 257 3314 Nobilitas
273 3269 349 3314 cum
365 3249 463 3332 plebe
475 3247 578 3331 perit:
595 3248 725 3329 lateque
740 3258 879 3336 vagatur
901 3283 906 3297 ι

97 3352 205 3415 Ensis:
222 3364 254 3416 et
267 3373 287 3414 a
305 3353 399 3414 nullo
414 3362 606 3415 revocatum
625 3361 673 3414 est
686 3361 818 3433 pectore
833 3353 970 3414 ferrum.

96 3455 163 3516 Stat
177 3476 275 3519 eruor
287 3454 323 3517 in
339 3453 488 3538 templis:
505 3455 675 3533 multaque
690 3450 844 3514 rubentia
858 3456 958 3516 caede
1017 3443 1020 3450 ¹

96 3561 236 3624 Lubrica
250 3581 328 3625 saxa
341 3563 485 3624 madent.
504 3561 595 3623 Nulli
607 3579 666 3624 sua
679 3558 804 3640 profuit
818 3571 916 3624 aetas.

95 3665 168 3726 Non
179 3665 264 3729 senis
276 3675 460 3727 extremum
473 3661 811 3747 piguitv‘ergentibus
824 3662 922 3724 annis

94 3769 326 3853 Praecipitasse
339 3767 446 3847 diem3
460 3787 522 3832 uec
538 3764 648 3850 primo
666 3769 701 3830 in
718 3768 834 3842 limine
849 3766 939 3831 ritae
