2824 4880
342 441 547 508 LIBER
585 445 626 508 X.
666 458 798 522 mom
998 449 1055 508 ads

83 587 129 650 Ut
140 603 233 670 mos,
249 584 344 675 signa
356 587 449 652 dedit
466 587 598 670 castris,
614 609 678 652 nec
689 587 839 672 prodidit
853 609 947 654 arma
1048 619 1050 624 ·

83 695 193 760 Ullius
213 697 370 782 clangore
384 697 502 759 tubae:
520 704 643 758 temere
659 695 774 758 omnia
791 696 882 760 saevi

82 801 309 862 Instrumenta
326 797 414 881 rapit
425 795 517 860 belli.
535 799 615 860 Pars
626 797 773 888 maxima
789 801 906 862 turbae

83 906 197 970 Plebis
209 917 280 969 erat
288 905 416 969 Latiae:
436 905 497 968 sed
512 913 603 968 tanta
621 903 747 968 oblivio
763 914 890 969 mentes

84 995 200 1094 Cepit,
216 1010 252 1074 in
266 1020 418 1072 externos
434 1017 593 1091 corrupto
611 1006 717 1070 milite
735 1027 861 1090 mores,

83 1115 128 1177 Ut
142 1115 227 1176 duee
239 1116 301 1176 sub
314 1097 462 1194 famulo,
469 1111 625 1196 iussuque
639 1107 788 1173 satellitis
799 1109 905 1190 irent,
1006 1155 1010 1168 ,

83 1221 178 1302 Quos
196 1226 266 1280 erat
278 1216 457 1302 indignum
476 1214 598 1278 Phario
616 1232 734 1298 parere
750 1222 907 1298 tyranno.

82 1325 187 1388 Nulla
202 1321 283 1386 fides
299 1321 469 1405 pietasque
483 1321 580 1403 viris,
600 1320 659 1402 qui
674 1331 779 1382 castra
795 1329 1001 1404 sequuntur,

82 1432 295 1510 Venalesque
307 1446 426 1516 manus
436 1449 444 1489 ι
456 1424 576 1508 ibiias,
588 1424 647 1488 ubi
659 1423 806 1486 maxima
818 1445 960 1487 merces:

82 1541 170 1602 Aere
180 1547 309 1600 merent
321 1533 674 1622 parvo‚iugulumque
683 1529 720 1602 in
730 1527 877 1592 CaesarIs
894 1528 945 1591 ire
1055 1535 1060 1550 ‘

82 1645 162 1706 Non
179 1641 243 1706 sibi
259 1642 352 1706 dant.
364 1643 428 1704 Pro
442 1639 509 1704 fas!
527 1637 587 1704 ubi
604 1655 673 1700 non
691 1634 805 1698 civilia
823 1635 916 1699 bella
958 1715 964 1724 N

82 1749 218 1838 Invenit
232 1747 366 1832 imperii
377 1749 484 1812 fatum
498 1745 689 1812 miserabile
711 1743 838 1808 nostri?

82 1853 275 1918 Thessaliae
287 1854 449 1918 subducta
464 1851 550 1916 acies
565 1851 601 1914 in
619 1849 718 1914 litora
732 1848 802 1912 Nili

82 1965 182 2026 More
191 1960 275 2024 furit
283 1961 405 2044 patrio.
422 1959 513 2044 Quid
527 1961 603 2042 plus
617 1969 665 2039 te,
686 1943 827 2044 Magne,
840 1963 975 2040 recepto

81 2067 173 2129 Ausa
185 2065 270 2126 foret
279 2066 390 2149 Lagea
402 2066 520 2127 domus
528 2058 552 2155 l]-
562 2066 619 2126 dat
633 2063 758 2129 seilicet
771 2063 884 2127 omnis
921 2138 925 2146 ¹

82 2171 241 2248 Dextera,
255 2167 346 2247 quod
358 2167 455 2228 debet
471 2164 623 2248 Superis3
640 2161 793 2244 nullique
806 2184 926 2227 vacare
996 2163 1055 2240 415

82 2279 146 2339 Fas
158 2285 207 2340 est
219 2278 384 2342 Romano.
404 2274 539 2337 Latium
557 2273 603 2364 sic
616 2273 766 2354 scindere
782 2293 902 2359 corpus

83 2375 145 2445 Dis
158 2380 335 2464 placitum:
348 2399 428 2456 non,
437 2379 474 2443 in
491 2380 796 2468 generi‘soeerique
814 2383 966 2447 favorem

83 2485 268 2548 Discedunt
280 2483 418 2567 populi:
439 2471 551 2548 civilia
564 2487 653 2548 bella
666 2469 795 2550 satelles
811 2467 814 2474 ⁴

83 2587 211 2682 Mpvit,
224 2598 256 2652 et
271 2587 308 2651 in
325 2599 455 2671 partem
468 2591 657 2651 Romanam
673 2588 767 2652 venit
783 2587 945 2666 Achillas;

84 2699 127 2759 Et
144 2695 210 2761 nisi
220 2697 288 2758 fata
303 2715 422 2760 manus
437 2715 458 2758 a
471 2695 635 2782 sanguine
651 2697 797 2761 Caesaris
813 2708 944 2781 arcent,

84 2801 160 2862 Hae
175 2799 311 2862 vincent
319 2808 439 2881 partes.
452 2801 572 2862 Aderat
588 2811 737 2864 maturus
753 2813 910 2882 uterque:

85 2906 128 2968 Et
146 2904 293 2968 districta
309 2907 418 2988 epulis
433 2909 476 2970 ad
493 2916 627 2970 cunctas
641 2909 719 2969 aula
734 2909 871 2988 patebat

85 3009 242 3074 Insidias:
256 3019 449 3093 poteratque
467 3001 566 3074 cruor
577 3033 637 3094 per
650 3012 741 3102 regia
753 3009 850 3074 fundi

85 3117 210 3179 Pocula
222 3117 417 3196 Caesareus,
435 3135 634 3196 mensaeque
648 3115 842 3181 incumbere
854 3113 981 3194 cervix,

85 3219 153 3282 Sed
163 3227 315 3284 metuunt
332 3217 413 3279 belli
432 3217 576 3298 trepidos
591 3216 628 3281 in
644 3226 741 3282 noete
761 3221 940 3300 tumultus,

86 3325 137 3385 Ne
151 3312 265 3388 caedes
285 3323 421 3384 confusa
436 3342 554 3403 manu,
574 3320 799 3404 permissaque
816 3322 892 3384 fatis

86 3426 154 3506 Te,
168 3426 369 3506 Ptolemaee,
387 3424 504 3488 trahat.
524 3424 630 3484 Tanta
643 3432 692 3485 est
707 3418 830 3484 fiducia
848 3423 945 3507 ferri,

86 3531 163 3590 Non
177 3542 317 3612 rapuere
335 3525 440 3592 nefas:
460 3527 584 3590 summi
602 3538 768 3595 contemta
785 3529 926 3593 facultas

87 3639 146 3700 Est
161 3637 291 3720 operis:
311 3637 420 3700 visum
435 3635 568 3700 famulis
584 3635 770 3720 reparabile
782 3621 958 3724 damnum,

86 3743 186 3804 Illam
203 3741 370 3804 mactandi
390 3741 556 3803 dimittere
573 3739 720 3804 Caesaris
734 3743 867 3822 horam3
918 3787 920 3795 Α

87 3852 245 3914 Servatur
260 3869 385 3935 poenas
400 3849 438 3914 in
455 3860 569 3936 aperta
582 3852 658 3914 luce
669 3851 816 3914 daturus.
