2824 4880
243 397 359 466 *tto
400 394 719 460 PISONEM.
759 395 883 472 usti.
1004 407 1111 503 277x

92 543 161 608 Sed
179 539 287 614 tenuis
301 541 437 606 fortuna
449 559 513 602 sue
526 535 671 622 ealigine
690 537 784 600 celat.

95 649 274 717 Possumus
285 641 448 726 impositis
463 651 561 726 eaput
579 659 759 706 exonerare
777 637 936 725 tenebris,

96 757 139 824 Et
151 757 264 819 lucem
279 761 427 839 spectare
444 747 625 830 novam,si
640 747 722 828 quid
735 749 836 811 modo
852 749 957 813 laetus

95 857 246 940 Aornis,
261 866 294 922 et
308 855 427 922 nostris
442 853 638 938 suhscribis,
653 855 814 937 candide,
832 855 928 921 votis.

95 964 157 1027 Est
171 960 270 1044 mihi,
286 962 397 1042 crede,
415 955 498 1026 meis
511 957 643 1024 enimus
656 956 858 1020 constantior
874 953 987 1034 annis;

100 1067 266 1156 Quemvis
277 1087 368 1132 nuno
384 1061 532 1128 iuvenile
549 1063 650 1127 deous
663 1060 748 1124 mihi
759 1060 897 1148 pingere
913 1061 1018 1126 matu

100 1171 275 1256 Coeperit,
295 1179 328 1234 et
342 1170 493 1240 nondum
506 1163 664 1232 vicesima
680 1167 810 1231 venerit
824 1176 938 1232 aestas·

99 1281 202 1368 Quod
216 1278 246 1346 si
260 1287 327 1341 tarn
337 1274 468 1340 validae
484 1272 570 1339 mihi
582 1275 688 1336 robur
699 1269 820 1336 mentis
829 1271 965 1352 inesset,

97 1385 140 1456 Et
160 1382 285 1450 solidus
297 1379 424 1464 primos
436 1379 590 1464 impleret
605 1377 741 1460 spiritus
756 1375 880 1458 annos,

98 1491 268 1556 Auderem
278 1506 376 1568 yooes
386 1506 447 1569 per
461 1483 609 1548 carmina
620 1490 733 1546 nostre
746 1481 886 1562 referre,
1108 1561 1111 1568 .

99 1595 195 1676 Piso,
208 1602 301 1659 tuas:
321 1595 380 1660 sed
393 1593 477 1661 fesso
488 1593 579 1658 labat
593 1589 678 1654 mihi
693 1591 841 1673 pondere
856 1588 984 1674 cervix,
1084 1655 1086 1660 ,

99 1702 144 1768 Et
161 1701 348 1792 tremefeotn
368 1701 491 1766 eadunt
506 1697 632 1764 succiso
649 1697 776 1784 poplite
792 1701 953 1762 membra.

99 1806 229 1874 Sienee
244 1806 392 1873 olorinus
410 1808 510 1870 audet
527 1803 708 1870 Pandionis
728 1808 797 1870 aies

98 1910 338 1980 Pervareferre
347 1929 461 1992 sonos,
476 1929 554 1992 nec,
569 1908 690 1974 sivelit
700 1900 869 1992 improba,
884 1909 997 1995 possit.

101 2014 158 2080 sic
174 2024 207 2079 et
223 2013 364 2078 aedonia
380 2023 579 2098 superantur
591 2033 673 2076 voce
690 2011 838 2094 cicadae,

100 2118 249 2184 Stridula
264 2141 340 2183 cum
353 2119 471 2202 rapido
488 2117 614 2182 faciunt
632 2118 783 2183 convicia
798 2119 878 2184 Soli.

101 2223 215 2308 Quare
230 2244 309 2309 ege,
325 2224 490 2308 Calliope,
505 2222 611 2307 posito
623 2223 784 2309 gravitate
804 2222 946 2310 forensi,
983 2307 987 2318 ‚

99 2329 234 2395 Limina
245 2331 372 2396 Pisonis
388 2353 518 2398 meeum
529 2342 623 2416 pete:
644 2335 742 2416 plura
759 2343 952 2418 supersunt,

102 2435 199 2527 Quae
212 2436 348 2506 laudare
362 2436 442 2506 velis
457 2436 593 2506 inventa
613 2438 789 2520 penatibus
803 2437 891 2520 ipsis.
