2790 4874
339 372 398 432 136
600 361 1041 429 PHARSALIAE
1135 381 1259 448 mop-

338 512 447 573 Omne
463 523 693 590 repercussum
710 501 873 584 squalenti
895 499 1019 564 missile
1032 485 1129 586 tergo

338 614 490 702 Frangit,
504 623 536 676 et
549 613 721 674 haerentes
738 617 829 670 mota
845 615 919 670 cute
937 605 1070 668 discutit
1086 609 1205 700 hastas.

338 719 474 786 Viscera
491 727 561 778 tuta
576 717 678 776 latent
692 711 840 794 penitus,
858 710 1006 792 citraque
1026 730 1181 775 cruorem

339 820 497 888 Confixae
511 829 597 884 stant
614 820 678 880 tela
689 817 791 878 ferae:
814 825 861 878 tot
873 817 960 880 facta
974 815 1119 901 sagittis,

337 923 402 987 Tot
416 920 546 1001 iaculis,
564 938 664 983 unam
675 937 743 980 non
757 917 890 999 explent
902 917 1044 978 vulnera
1057 929 1211 980 mortem.

337 1028 474 1091 Dictaea
489 1026 606 1108 procul
620 1045 697 1086 ecce
712 1043 814 1085 manu
823 1021 995 1104 ‘Gortynis
1014 1023 1144 1084 arundo

338 1129 502 1192 Tenditur
515 1127 551 1190 in
570 1129 744 1189 Scaevam:
761 1145 845 1206 quae
861 1135 940 1187 voto
957 1123 1077 1188 certior
1088 1127 1193 1190 omni.

338 1236 380 1297 In
391 1243 507 1317 caput,
526 1241 624 1313 atque
635 1231 725 1294 oculi
737 1234 870 1294 laevum
885 1229 1054 1294 descendit
1067 1228 1103 1294 in
1114 1234 1239 1296 orbem.

338 1341 401 1403 Ille
418 1361 527 1404 moras
541 1339 640 1421 ferri,
659 1357 839 1402 nervorum
855 1348 888 1400 et
907 1339 1042 1400 vincula
1056 1339 1203 1422 rumpit,

338 1444 491 1511 Adfixam
508 1447 633 1508 vellens
647 1443 746 1506 oculo
760 1444 927 1526 pendente
943 1442 1096 1528 sagittam

231 1575 237 1590 ⁴
289 1599 291 1604 ,
338 1551 545 1636 Intrepidus,
561 1554 729 1631 telumque
744 1569 804 1612 suo
815 1571 891 1612 aum
908 1547 1036 1612 lumine
1055 1550 1172 1612 caleat.

339 1658 509 1722 Pannonis
524 1660 615 1722 haud
632 1657 727 1722 aliter
746 1668 819 1739 post
836 1656 939 1720 iatum
957 1657 1088 1721 saevior
1107 1677 1205 1742 ursa,

340 1766 426 1825 Cum
438 1764 582 1827 iaculum
599 1783 703 1846 parva
717 1763 822 1844 Libys
840 1763 1021 1826 amentavit
1039 1763 1192 1845 habena,

339 1867 382 1932 Sc
396 1879 482 1933 rotat
496 1869 534 1933 in
553 1871 689 1932 vulnus:
700 1867 868 1946 telumque
882 1865 967 1929 irata
977 1877 1150 1950 receptum
1205 1846 1212 1862 ⁴

339 1975 490 2057 Impetit,
503 1984 535 2038 et
547 1993 659 2038 secum
676 1972 860 2058 fugientem
878 1971 994 2037 circuit
1010 1975 1149 2037 hastam.
1203 1993 1204 1998 ¹

338 2077 532 2141 Perdiderat
549 2079 660 2142 vultus
678 2076 825 2140 rabiem:
839 2077 927 2146 stetit
940 2077 1049 2142 imbre
1062 2087 1203 2142 cruento
1244 2093 1294 2154 ²²4
1378 2073 1379 2090 ¹

286 2171 291 2176 ’
338 2181 496 2243 informis
512 2179 628 2244 facies:
648 2182 753 2242 laetus
767 2179 880 2266 fragor
898 2181 1032 2244 aethera
1043 2182 1154 2264 pulsat

339 2282 530 2347 Victorum:
548 2281 676 2344 maiora
685 2281 774 2352 *viris
791 2302 810 2344 e
825 2282 988 2368 sanguine
1003 2301 1107 2366 parvo

341 2387 471 2451 Gaudia
481 2408 549 2450 non
558 2387 680 2450 faceret
689 2396 901 2471 conspectum
911 2388 948 2452 in
958 2391 1096 2454 Caesare
1107 2391 1240 2456 vulnus.

226 2491 228 2496 ’
338 2493 403 2555 Ille
420 2506 531 2581 tegens
544 2496 611 2558 alta
623 2515 835 2578 suppressum
853 2499 963 2560 ment'e
977 2497 1147 2580 dolorem,

339 2595 449 2680 Mitis,
467 2607 499 2660 et
517 2599 642 2661 avultu
658 2598 789 2682 penitus
802 2601 923 2664 virtute
938 2609 1080 2684 remota,

340 2703 484 2786 Parcite,
500 2704 562 2787 ait,
576 2707 679 2770 cives:
700 2709 818 2790 procul
836 2706 914 2770 hine
930 2707 1068 2772 avertite
1081 2707 1229 2770 ferrum:

341 2813 512 2876 Collatura
527 2829 621 2873 meae
632 2809 681 2874 nil
697 2821 774 2896 sunt
788 2811 855 2875 iam
869 2813 1008 2876 vulnera
1021 2811 1141 2874 morti:

341 2919 418 2982 Non
431 2928 504 3006 eget
513 2917 665 3005 ingestis,
687 2920 745 2982 sed
762 2919 864 2983 vulsis
884 2928 1017 3004 pectore
1038 2917 1119 2982 telis.

342 3022 481 3104 Tollite,
498 3023 581 3086 etin
597 3023 714 3108 Magni
727 3023 893 3088 viventem
909 3023 1022 3108 ponite
1038 3020 1171 3085 eastris:

242 3142 248 3150 ·
340 3126 416 3189 Hoc
433 3136 541 3189 vestro
554 3137 715 3210 praestate
726 3129 822 3192 duci:
840 3128 882 3192 sit
901 3129 1023 3191 Scaeva
1038 3125 1143 3190 relicti

342 3229 490 3293 Caesaris
506 3235 693 3315 exemplum
709 3231 834 3315 potius,
852 3252 952 3312 quam
965 3229 1080 3293 mortis
1096 3225 1261 3304 honestae.
1341 3237 1344 3244 '

342 3334 491 3398 Credidit
506 3336 623 3402 infelix
637 3336 799 3400 simulatis
817 3334 954 3420 vocibus
969 3334 1097 3410 Aulusa

342 3438 410 3500 Nec
426 3437 510 3500 vidit
526 3451 614 3504 recto
633 3437 783 3525 gladium
800 3455 959 3500 mucrone
979 3445 1164 3500 tenentem:

341 3545 557 3624 Membraque
573 3543 695 3628 captivi
713 3543 836 3628 pariter
848 3545 992 3625 laturus,
1013 3552 1046 3605 et
1065 3559 1173 3622 arma,

342 3649 553 3744 Fulmineum
567 3652 684 3718 mediis
697 3651 826 3738 excepit
842 3651 993 3716 faucibus
1012 3671 1134 3714 ensem.

342 3755 485 3820 Incaluit
498 3756 616 3833 virtus:
631 3768 731 3840 atque
748 3781 815 3824 una
833 3760 932 3824 caede
947 3757 1105 3842 reiectus,
