2824 4880
369 379 429 442 aba
629 375 1071 440 PHARSALIAE
1169 382 1290 440 v.113.

367 518 526 602 Divitias,
544 537 754 602 crassumque
770 523 877 584 trabes
888 521 1105 586 absconderat
1120 539 1251 582 aurum.

366 627 437 692 Nee
445 625 582 691 summis
593 637 733 688 crustata
745 627 878 706 domus,
898 627 1058 707 sectisque
1070 625 1195 689 nitebat

368 733 591 796 Marmoribus
601 754 610 794 ε
622 735 793 813 stabatque
808 731 872 794 sibi
885 751 954 794 non
969 731 1079 816 segnis
1096 733 1250 814 Achates,

370 837 623 918 Purpureusque
641 832 740 916 lapis,
763 843 897 912 totaque
910 828 1034 896 effusus
1046 832 1083 893 in
1096 834 1174 894 aula

371 943 568 1005 Calcabatur
581 940 700 1020 Onyx:
724 940 873 1000 hebenus
889 937 1067 1010 Mareotica
1080 946 1189 1002 vastos

369 1045 445 1106 Non
455 1041 561 1126 operit
573 1051 699 1125 postes,
715 1042 773 1104 sed
786 1051 848 1103 stat
859 1061 923 1124 pro
938 1044 1058 1104 robore
1072 1041 1133 1103 vili

369 1145 555 1226 Auxilium,
571 1163 641 1206 non
653 1144 761 1206 forma
772 1146 900 1207 domus.
919 1145 1010 1206 Ebur
1023 1143 1107 1208 atria
1119 1144 1234 1229 vestit,

370 1255 411 1316 Et
427 1250 544 1316 suffixa
563 1272 665 1314 manu
682 1249 810 1312 foribus
827 1249 998 1314 testudinis
1014 1248 1116 1313 Indae

370 1359 480 1441 Terga
492 1357 624 1436 sedent,
640 1357 756 1416 crebro
776 1355 923 1416 maculas
939 1352 1093 1416 distincta
1104 1355 1297 1439 Zmaragdo.

370 1461 486 1545 Fulget
501 1477 634 1544 gemma
651 1457 748 1538 toris,
767 1466 799 1520 et
812 1456 941 1539 Iaspide
958 1457 1051 1520 fulva
1065 1460 1234 1542 supellex:

370 1566 476 1627 Strata
492 1563 629 1626 micant:
644 1561 750 1643 Tyrio
767 1581 910 1642 quorum
929 1583 1006 1646 pars
1021 1561 1257 1625 maximafuco
1390 1608 1391 1658 ,

371 1676 472 1735 Cocta
485 1669 558 1752 diu,
576 1668 667 1732 virus
682 1687 751 1730 non
765 1687 834 1728 uno
852 1667 946 1729 duxit
964 1669 1090 1746 aheno;
1390 1671 1391 1674 ’

372 1783 451 1844 Pars
466 1796 548 1840 auro
566 1777 716 1858 plumata
728 1772 826 1850 nitet:
842 1792 919 1856 pars
935 1773 1034 1858 ignea
1049 1793 1165 1856 coeco,

370 1885 417 1945 Ut
429 1901 501 1946 mos
516 1890 563 1944 est
575 1878 703 1942 Phariis
717 1879 880 1942 miscendi
896 1877 973 1941 licia
993 1879 1077 1951 telis.

371 1987 613 2053 Tur'nfamulae
631 2004 790 2046 numerus
806 1986 934 2064 turbae,
948 1987 1160 2067 populusque
1171 1985 1327 2067 minister,

371 2093 524 2156 Discolor
538 2092 598 2152 hos
610 2087 760 2173 sanguis,
775 2085 857 2149 alios
872 2087 1066 2152 distinxerat
1082 2099 1191 2152 aetas:
1279 2091 1329 2150 rad
1392 2161 1393 2168 ἵ

372 2197 464 2257 Haec
476 2191 637 2274 Libycos,
657 2211 733 2273 pars
748 2201 814 2252 tarn
828 2193 930 2254 flavos
942 2189 1027 2277 gerit
1041 2193 1142 2254 altera
1153 2191 1276 2274 crines,

293 2353 296 2358 ,
372 2294 417 2354 Ut
433 2291 535 2354 nullis
554 2295 673 2354 Caesar
691 2291 801 2353 Rheni
819 2313 854 2354 se
867 2292 955 2354 dicat
968 2291 1005 2354 in
1017 2291 1105 2355 arvis

371 2401 456 2462 Tam
474 2397 589 2462 rutiles
601 2396 721 2461 vidisse
739 2417 867 2462 comas:
882 2419 959 2482 pars
972 2399 1142 2487 sanguinis
1155 2401 1219 2464 usti
1393 2422 1394 2502 p

275 2566 278 2576 ἲ
372 2507 476 2568 Torta
487 2513 601 2587 caput,
620 2503 819 2590 refugosque
833 2505 1102 2591 gerensafronte
1116 2504 1270 2587 capillos:
1393 2505 1394 2508 ’

374 2615 443 2676 Nec
463 2630 532 2673 non
551 2591 668 2672 intelli:
681 2609 770 2674 ferro
788 2609 920 2672 mollita
939 2607 1109 2694 iuventus,
1178 2612 1180 2630 ¹

374 2722 482 2798 Atque
493 2726 621 2780 exsecta
634 2715 761 2778 virum:
774 2726 837 2780 stat
848 2726 963 2778 contra
977 2716 1096 2779 fortior
1110 2705 1218 2800 aetas,

266 2847 269 2854 ·
374 2825 441 2892 Vix
454 2827 525 2888 ulla
543 2824 691 2888 fuscante
706 2835 817 2918 tamen
830 2823 989 2910 lanugine
1007 2825 1121 2886 malas.

414 2931 619 2996 Discubuere
635 2929 704 2993 illic
717 2945 827 3016 reges,
846 2931 1019 3011 maiorque
1036 2940 1179 3014 potestas

377 3039 509 3098 Caesar:
525 3046 558 3098 et
570 3034 749 3097 immodice
763 3035 906 3096 formam
922 3034 1031 3096 fucata
1047 3044 1237 3115 nocentem,

272 3204 276 3212 ,
375 3143 443 3203 Nee
456 3138 592 3221 sceptris
609 3147 762 3200 contenta
774 3137 860 3220 suis,
872 3159 940 3222 ‚nee
953 3117 1053 3200 fratre
1063 3137 1199 3220 marito,

375 3249 480 3311 Plena
496 3245 596 3307 maris
612 3243 707 3308 rubri
722 3244 854 3327 spoliis,
870 3246 1040 3326 colloque,
1058 3245 1226 3325 comisque

377 3353 516 3418 Divitias
528 3354 704 3434 Cleopatra
716 3351 816 3437 gerit,
836 3354 994 3433 cultuque
1006 3355 1145 3416 laborat.

379 3459 530 3520 Candida
548 3456 684 3520 Sidonio
703 3457 875 3538 perlucent
893 3467 1028 3538 pectora
1041 3455 1115 3539 filo,

379 3561 479 3646 Quod
494 3558 610 3623 Nilotis
624 3580 702 3622 acus
719 3579 942 3644 compressum
957 3561 1089 3644 pectine
1101 3562 1219 3626 Serum

378 3669 498 3750 Solvit,
517 3680 549 3732 et
563 3680 696 3733 extenso
715 3669 839 3732 laxavit
851 3668 991 3730 stamina
1002 3668 1089 3732 velo.

379 3773 542 3839 Dentibus
555 3775 610 3838 hic
624 3775 744 3859 niveis,
761 3785 865 3842 sectos
881 3773 1046 3840 Atlantide
1057 3773 1140 3840 silva
