2824 4880
256 397 495 520 *tjtssnn
538 413 665 481 vttt.
705 437 737 480 v.
765 413 832 521 782.
980 421 1039 503 269

15 535 19 546 ¹
77 561 154 646 Quo
169 567 202 623 te
217 559 304 622 lama
318 561 441 640 loquax
455 577 571 622 omnes
590 561 715 645 accepit
731 562 768 624 in
780 524 916 626 ''annosi‘

78 667 223 731 Condita
238 661 387 728 laudabit
399 665 513 752 Magni
531 685 625 730 socer
642 667 764 750 impius
780 689 862 732 ossa.

77 777 94 837 1
107 775 212 838 modo
221 792 354 838 securus
368 773 500 855 reniae,
523 773 691 854 fassusque
704 779 894 859 sepulcrum

78 885 182 947 Posee
196 891 304 966 caput.
325 875 421 967 Cogit
434 881 538 964 pietas
555 881 726 964 imponere
744 881 847 947 finem

80 986 213 1052 Officio.
235 987 394 1051 Semiusta
409 985 511 1069 rapit,
533 987 742 1066 resolutaque
759 989 910 1052 nondum

81 1090 168 1166 Ossa
180 1088 274 1168 satis,
287 1087 398 1150 nervis
413 1093 446 1148 et
463 1081 578 1150 inustis
593 1089 693 1170 plena
713 1090 883 1173 medullis,

47 1176 52 1184 x
78 1195 255 1275 Aequorea
267 1189 442 1278 restinguit
460 1206 559 1273 aqua,
578 1201 797 1278 congestaque
806 1195 842 1258 in
856 1218 962 1262 unum

80 1303 191 1368 Parra
202 1302 317 1365 clausit
330 1305 444 1364 humo.
458 1303 545 1363 Turn
564 1322 607 1363 ne
618 1301 700 1364 levis
717 1321 798 1364 aura
817 1293 955 1371 refectos
1041 1381 1044 1384 ,

78 1393 390 1485 Auferreteineres,
412 1419 492 1466 saxo
509 1405 703 1488 compressit
719 1425 870 1468 arenam:

82 1513 257 1592 Nautaque
268 1514 453 1578 nebustum
469 1509 607 1596 religato
623 1511 704 1574 fune
715 1523 878 1598 moveret,

82 1616 255 1699 inscripsit
268 1617 398 1679 sacrum
411 1614 567 1677 semiusto
583 1615 694 1698 stipite
711 1635 849 1680 nomen:

83 1723 249 1784 Hrcsrros
263 1739 317 1782 aar
323 1716 475 1782 Manuos.
486 1719 597 1782 Placet
607 1721 681 1802 hoc,
691 1722 845 1804 Fortuna,
857 1723 1047 1807 sepulcrum

85 1825 208 1890 Dicere
217 1820 382 1910 Pompeii,
397 1845 465 1907 quo
479 1827 579 1890 condi
592 1827 711 1890 maluit
724 1827 843 1912 illum,
924 1811 927 1823 ’
1033 1803 1047 1823 '

87 1936 199 2017 Quam
216 1942 301 1994 terra
315 1931 578 1994 caruissesooer?
595 1932 769 1994 temeraria
784 1933 899 1998 dextra

87 2039 155 2098 Gur
165 2035 269 2100 obicis
279 2038 404 2119 Magno
419 2027 794 2115 tumulum,'manesqne
804 2047 961 2122 vagantes

86 2146 259 2210 includis?
277 2139 357 2208 situs
370 2153 435 2225 est,
452 2163 518 2224 qua
536 2152 623 2206 terra
639 2153 785 2207 extrema
803 2143 917 2214 refuso
990 2165 1051 2232 797

88 2255 215 2319 Pendet
233 2251 268 2314 in
282 2253 428 2314 Oceano.
448 2249 637 2311 Romanum
649 2263 789 2333 nomen,
808 2261 840 2312 et
855 2271 955 2316 omne

90 2358 273 2443 imperium
287 2361 411 2442 Magno
426 2366 472 2419 est
483 2355 603 2418 tumuli
620 2358 748 2418 modus.
757 2359 882 2420 ⁴Obrue
892 2379 971 2422 saxa

92 2467 240 2530 Crimine
254 2467 354 2548 plena
365 2462 483 2526 Derim.
502 2465 536 2527 Si
552 2475 619 2528 tota
637 2476 684 2528 est
700 2468 851 2528 Herculis
867 2469 966 2551 Oete,

90 2573 130 2634 Et
143 2573 223 2658 iuga
244 2582 312 2633 tota
328 2582 447 2633 vacant
460 2573 594 2634 Bromio
610 2575 746 2654 Nysela3
765 2591 868 2652 quare

92 2677 185 2741 Unus
197 2677 235 2740 in
251 2680 401 2762 Aegypto
414 2687 462 2738 est
478 2664 592 2762 Magni
610 2675 713 2759 lapis?
729 2676 843 2738 omnia
855 2675 938 2765 Lagi

92 2781 185 2846 Rura
201 2790 311 2843 tenere
327 2788 443 2861 potest.
462 2778 496 2841 Si
510 2779 603 2842 nullo
618 2777 739 2862 cespite
756 2799 879 2842 nomen

92 2887 259 2968 Haeserit,
279 2905 426 2948 erremus
443 2882 573 2968 populi,
595 2881 809 2966 cinerumque
825 2894 973 2967 tuorum,

93 2993 235 3078 Magne,
257 2999 347 3051 metu
365 2989 474 3050 nullas
491 2987 557 3049 Nili
572 2990 736 3052 calcemus
754 3007 881 3051 arenas.

134 3095 276 3181 Quodsi
292 3107 359 3156 tam
370 3113 462 3158 sacro
478 3094 624 3180 dignaris
639 3096 776 3158 nomine
791 3115 922 3174 saxum3

95 3203 191 3263 Adde
208 3211 299 3262 actus
310 3211 432 3280 tantos,
451 3199 1018 3280 monumentaquemanimarerum:
1087 3209 1115 3233 ²

95 3308 191 3368 Adde
205 3305 305 3368 trucis
319 3305 438 3388 Lepidi
453 3315 578 3385 motus,
596 3304 782 3386 Alpinaque
793 3307 899 3388 bella,
981 3321 983 3330 ⁴

96 3418 264 3494 Armaque
275 3406 415 3496 Sertori,
431 3425 585 3476 revocato
601 3415 759 3496 Consule,
776 3415 877 3494 vieta,
947 3453 951 3464 ι

97 3526 137 3586 Et
157 3541 291 3604 currus,
305 3539 387 3602 quos
402 3520 469 3606 egit
483 3541 598 3600 eques:
613 3519 811 3583 commercia
826 3527 895 3582 tuta

99 3628 275 3709 Gentibus,
291 3637 324 3689 et
337 3624 477 3708 pavidos
488 3623 607 3688 Cilicas
620 3626 736 3688 maris:
752 3628 837 3688 adde
852 3628 1030 3700 subactam,

97 3731 307 3815 Barbariam,
322 3741 499 3818 gentesque
513 3749 627 3816 vagas,
647 3741 679 3793 et
691 3731 853 3812 quidquid
863 3731 899 3794 in
913 3733 1002 3795 Euro
1096 3724 1099 3734 ’

98 3839 312 3925 Regnorum,
323 3841 492 3917 Boreaque
505 3833 600 3900 iacet.
622 3835 690 3900 Dic
699 3855 830 3919 semper
841 3837 885 3900 ab
897 3836 998 3904 umis

167 3941 288 4001 Lucrum.
731 3946 779 4008 14·
