2790 4874
351 338 556 402 claun
596 340 666 407 vr.
707 342 829 406 usos.
1019 347 1100 434 ¹³9,

105 483 197 544 Cum
207 500 332 567 genero
346 501 510 566 pugnasse
526 481 593 566 pio.
607 485 671 546 Pro
688 483 792 548 tristia
809 485 897 553 fatal
1010 523 1013 530 ·

105 589 188 648 Non
201 586 317 648 Uticae
329 586 438 669 Libye
454 591 577 670 clades,
593 589 752 671 Hispania
770 592 917 653 Mundae

105 691 255 770 Flesset,
274 703 306 752 et
324 691 462 754 infando
476 693 624 773 pollutus
640 691 802 776 sanguine
820 692 916 756 Nilus

104 795 267 858 Nobilius
282 795 405 858 Phario
420 805 574 880 gestasset
586 817 664 882 rege
678 799 837 861 cadaver:

104 904 178 964 Nec
197 903 281 963 Iuba
294 903 506 966 Marmaricas
522 903 631 966 nudus
649 903 815 985 pressisset
830 923 962 988 arenas,

104 1009 368 1092 Poenorumque
381 1011 516 1072 umbras
531 1009 690 1092 placasset
704 1009 866 1094 sanguine
881 1011 956 1072 fuso

106 1115 240 1204 Scipio,
257 1137 319 1180 nec
330 1125 442 1180 sancto
461 1116 617 1180 caruisset
635 1115 703 1180 vita
717 1119 856 1180 Catone..

106 1221 258 1284 Ultimus
270 1243 337 1285 esse
350 1222 419 1285 dies
434 1221 543 1304 potuit
559 1223 637 1303 tibi,
650 1225 775 1305 Roma,
795 1226 980 1298 malorum:

107 1331 209 1394 Exire
223 1353 243 1394 e
256 1331 373 1396 mediis
389 1333 497 1415 potuit
512 1333 680 1396 Pharsalia
694 1333 778 1396 fatis.

136 1431 283 1496 ‹Deserit
297 1452 412 1523 averso
428 1453 610 1515 possessam
624 1431 762 1494 numine
781 1433 893 1498 sedem

109 1540 249 1619 Caesar,
267 1548 299 1600 et
315 1538 483 1628 Emathias
499 1539 609 1602 lacero
626 1536 709 1620 petit
724 1537 856 1624 agmine
876 1547 987 1602 terras.

107 1647 214 1708 Arma
226 1655 417 1708 secuturum
431 1645 558 1726 soceri,
577 1665 776 1726 quacunque
794 1643 957 1730 fugasset,
1032 1708 1034 1714 ,

108 1754 297 1836 Tentavere
310 1751 362 1814 sui
376 1750 511 1816 comites
526 1753 695 1814 devertere
715 1753 896 1836 Magnum,
993 1819 995 1826 ,

109 1859 261 1942 Hortati,
274 1860 396 1942 patrias
410 1861 523 1940 sedes,
542 1867 640 1940 atque
655 1859 750 1919 hoste
771 1865 937 1920 carentem

108 1960 296 2024 Ausoniam
315 1971 450 2044 peterat.
466 1965 644 2044 Nunquam
659 1983 714 2026 me
728 1961 891 2043 Caesaris,
907 1960 1030 2041 inquit,

107 2069 277 2150 Exemplo
289 2070 426 2132 reddam
437 2069 585 2152 patriae,
603 2089 842 2149 nunquamque
855 2065 980 2128 videbit
1018 2069 1078 2130 bao
1129 2057 1137 2064 “

108 2179 187 2257 Me,
210 2175 275 2239 nisi
288 2175 421 2240 dimisso
439 2177 633 2239 redeuntem
650 2173 774 2255 milite,
798 2175 917 2235 Roma.
996 2227 998 2230 .

108 2281 311 2364 Hesperiam
324 2273 436 2364 potui,
456 2291 549 2344 motu
566 2290 734 2368 surgente,
751 2289 880 2362 tenere,

2 2409 3 2416 ¹
109 2387 146 2450 si
166 2389 290 2450 vellem
304 2386 419 2470 patriis
437 2387 543 2452 aciem
566 2387 771 2452 committere
791 2386 941 2470 templis,

110 2495 161 2556 Ac
178 2491 290 2584 medio
306 2512 455 2580 pugnare
467 2476 555 2558 loro.
577 2497 666 2558 Dum
681 2495 770 2562 bella
783 2495 952 2590 relegens,¹
1049 2535 1057 2552 .

109 2597 308 2663 Extremum
323 2597 471 2684 Scythici
487 2602 717 2664 transcendam
731 2597 865 2686 frigoris
881 2597 1016 2675 orbem,

111 2705 341 2783 Ardentesque
352 2705 475 2788 plagas.
497 2704 613 2769 Victor
629 2703 705 2785 tibi,
723 2705 846 2784 Roma,
863 2697 1009 2780 quietem

111 2807 279 2892 Eripiam,
296 2807 368 2889 qui,
386 2829 428 2870 ne
445 2820 633 2892 premerent
647 2819 678 2872 te
692 2807 839 2892 proelia,
853 2803 947 2890 fugi?
1001 2871 1003 2876 ,

112 2913 168 2974 Ah
180 2910 308 2994 potius,
324 2931 365 2972 ne
385 2910 466 2991 quid
478 2911 568 2974 hello
584 2909 720 2993 patiaris
735 2909 773 2973 in
788 2907 869 2986 iste,

111 3017 163 3078 Te
178 3017 299 3078 Caesar
314 3023 407 3097 putet
420 3035 488 3078 esse
508 3035 612 3077 suam.
634 3013 686 3075 Sic
706 3001 813 3092 latus,
829 3009 867 3071 in
885 3014 977 3070 ortus

112 3122 290 3184 Phoebeos
305 3110 559 3202 convertit'item
578 3119 750 3207 terraeque
762 3125 892 3182 secutus

112 3229 239 3310 Devia,
256 3249 322 3310 qua
336 3238 444 3292 vastos
462 3227 567 3312 aperit
581 3225 750 3290 Candavia
772 3214 894 3310 saltu‘s,

114 3333 266 3420 Contigit
278 3333 477 3417 Emathiam,
491 3335 580 3398 hello
594 3354 695 3414 quam
707 3333 774 3396 fata
788 3335 959 3415 parabant.

125 3493 128 3496 .
157 3441 460 3524 Thessaliamque
474 3451 567 3524 parte
581 3441 670 3504 diem
689 3439 896 3502 brumalibus
913 3438 1005 3504 horis
1024 3473 1027 3488 ·

114 3530 248 3615 attollit
261 3551 376 3634 Titan,
395 3571 493 3632 rupes
513 3552 634 3612 Ossaea
649 3551 786 3613 codreet.

115 3661 206 3718 Cum
214 3676 410 3738 persumme
421 3654 492 3738 poli
505 3656 676 3716 Phoebum
693 3652 792 3716 trahit
802 3651 905 3736 altior
919 3659 1036 3734 aestas,
1100 3663 1102 3669 “
1161 3651 1166 3668 ⁷

115 3761 238 3824 Pelion
256 3761 394 3846 opponit
408 3759 509 3824 radiis
523 3757 731 3830 nascentibus
750 3761 894 3824 umbras.
