2790 4874
343 319 403 390 aas
606 317 1050 396 eflnasattna
1141 325 1263 404 aaa
1363 298 1367 318 “

341 459 493 526 Excurrit
503 457 608 542 ripas,
619 468 652 522 et
666 467 751 524 totos
766 445 912 522 concutit
931 477 1042 546 agros,

314 619 320 628 .
341 567 522 632 Succubuit
534 566 567 632 si
584 587 650 648 qua
664 569 774 650 tellus,
791 568 1028 648 cumulumque
1046 567 1213 632 furentem

342 673 515 735 Undarum
525 691 594 734 non
609 691 720 754 passa,
736 670 820 733 ruit:
844 679 915 732 tum
929 669 1066 732 flumine
1080 679 1151 732 toto

342 776 491 858 Transit,
505 786 537 838 et
552 775 684 862 ignotos
695 774 802 858 aperit
816 773 881 838 sibi
896 775 1027 862 gurgite
1046 795 1190 859 campos.
1292 782 1293 785 ’

341 885 421 948 lllo's
435 895 520 949 terra
537 885 624 974 tugit
638 884 806 948 dominos:
828 885 880 949 lris
898 905 978 949 rura
998 886 1125 950 colonis

342 990 527 1072 decedunt,
543 993 689 1054 donante
705 993 805 1052 Pado.
823 989 889 1056 Vix
907 989 1037 1072 proelia
1054 993 1175 1054 Caesar

343 1095 508 1177 Senserat,
521 1097 624 1158 elatus
640 1096 773 1177 specula
794 1113 878 1174 quae
893 1092 1042 1174 prodidit
1058 1093 1155 1180 ignis.

343 1199 476 1262 invenit
491 1199 650 1283 impulsos
667 1218 778 1282 presso
799 1197 868 1260 iarn
887 1199 1025 1280 pulvere
1044 1219 1177 1280 muros,

344 1295 541 1390 Frigidaque
558 1315 595 1369 ut
610 1303 730 1368 veteris
743 1303 920 1386 deprendit
934 1303 1031 1390 signa
1044 1304 1184 1382 ruinae3

345 1412 504 1476 Accendit
518 1434 583 1498 pax
601 1413 673 1498 ipsa
686 1411 767 1494 loci,
787 1411 959 1492 movitque
975 1405 1124 1475 furorem

309 1600 312 1610 Ι
346 1506 549 1602 Pompeiaria
562 1517 671 1600 quies,
690 1528 723 1580 et
735 1517 823 1582 victo
842 1520 982 1582 Caesare
1002 1538 1148 1582 somnus.

339 1619 401 1690 ¹Ire
417 1627 471 1690 vel
486 1626 523 1689 in
540 1627 646 1690 clades
659 1637 832 1710 properat,
855 1629 936 1689 dum
949 1627 1071 1714 gaudia
1085 1630 1204 1690 turbet.

349 1735 519 1814 Torquato
539 1733 606 1796 ruit
619 1733 698 1796 inde
712 1733 839 1797 minax:
862 1733 922 1815 qui
939 1733 1086 1798 Caesaris
1099 1754 1193 1796 arma

349 1836 488 1922 Segnius
500 1839 593 1900 haud
606 1836 705 1918 vidit,
724 1856 824 1918 quam
838 1837 928 1899 malo
946 1846 1048 1899 nauta
1062 1844 1226 1900 tremente

351 1940 476 2004 Omnia
488 1941 641 2004 Circaeae
657 1939 812 2004 subducit
825 1943 899 2004 vela
913 1941 1096 2022 procellae:

351 2047 560 2146 agminaque
574 2045 709 2109 interius
731 2066 828 2108 muro
844 2047 994 2110 breviore
1005 2047 1157 2131 recepit,
1250 2047 1301 2114 288

280 2181 285 2190 2
351 2152 494 2222 Densius
509 2163 546 2214 ut
559 2171 663 2233 parva
681 2151 871 2232 disponeret
890 2169 983 2214 arnna
1001 2161 1135 2214 corona.

394 2257 583 2320 Transierat
595 2255 698 2340 primi
712 2261 831 2319 Caesar
850 2257 1039 2320 munimina
1054 2258 1153 2338 valli,

356 2351 441 2426 Cuia
457 2380 588 2442 supere
603 2358 678 2422 totis
692 2358 800 2424 emisit
820 2359 961 2434 collibus
976 2373 1115 2446 agmen,

348 2461 546 2548 5Effuditque
561 2463 647 2527 acies
659 2465 834 2546 obseptum
849 2469 991 2552 Magnus
1006 2469 1043 2530 in
1059 2471 1197 2532 hostem.
1256 2493 1260 2507 ·

356 2575 432 2634 Non
445 2570 492 2633 sic
509 2569 660 2658 Aetnaeis
674 2569 827 2634 habitans
847 2571 882 2634 iu
900 2573 1043 2636 vallibus
1061 2565 1175 2637 horret

358 2673 578 2755 Enceladum,
596 2673 742 2756 spirante
754 2675 855 2754 Noto,
875 2696 951 2736 cum
970 2657 1037 2740 tota
1052 2697 1207 2742 cavernas

358 2777 485 2864 Egerit,
501 2786 534 2840 et
548 2785 675 2841 torrens
691 2777 728 2840 in
744 2797 879 2860 campos
895 2780 1010 2842 defluit
1027 2783 1148 2844 Aetna:

361 2881 508 2948 Caesaris
522 2893 559 2946 ut
572 2883 668 2948 miles
682 2886 865 2970 glomerato
880 2888 1017 2980 pulvere
1034 2887 1141 2952 victus

360 2993 447 3054 Ante
463 2988 585 3072 aciem,
602 2990 690 3052 caeci
708 2989 854 3072 trepidus
869 2994 931 3053 sub
946 2994 1036 3054 nube
1053 2991 1181 3056 timoris

295 3085 297 3093 '
362 3093 521 3158 Hostibus
539 3094 681 3158 occurrit
694 3094 838 3180 lugiens,
852 3095 953 3175 inque
966 3095 1042 3182 ipsa,
1049 3099 1203 3179 pavendo

275 3282 281 3292 Ι
363 3203 443 3264 Fata
457 3201 535 3262 ruit.
552 3203 655 3264 Totus
669 3201 756 3264 mitti
770 3200 924 3266 civilibus
936 3203 1038 3266 armis

364 3305 476 3385 Usque
486 3305 540 3367 vel
549 3303 586 3366 in
597 3324 713 3387 pacem
723 3305 832 3388 potnit
846 3325 959 3368 cruor:
978 3305 1049 3390 ipse
1059 3307 1204 3371 furentes

365 3411 442 3472 Dux
460 3397 564 3475 tenuit
576 3410 713 3498 gladios.
732 3411 838 3493 Felix,
853 3389 1020 3476 acilibera
1032 3434 1166 3500 regum,

366 3518 490 3596 Roma,
503 3517 607 3600 fores,
622 3519 775 3600 iurisque
792 3502 868 3604 tui,
879 3520 1010 3586 vicisset
1025 3521 1062 3584 in
1082 3523 1142 3586 illo

246 3638 251 3656 ⁰
332 3615 339 3625 ’
368 3619 403 3682 Si
417 3617 476 3682 tibi
483 3621 575 3684 Sulla
586 3624 672 3685 loco.
691 3625 790 3686 Dolet
803 3627 889 3706 heu,
904 3647 1100 3710 semperque
1116 3624 1251 3707 dolebit,

371 3726 470 3810 Quod
481 3728 643 3794 scelerum
658 3731 776 3798 Caesar
787 3733 921 3814 prodest
932 3730 992 3796 tibi
1007 3751 1137 3798 summa
1147 3740 1286 3810 tuorum,
