2824 4880
349 417 408 482 aaa
502 418 505 424 ’
612 415 1056 480 rusnsnmsr.
1147 417 1270 480 usn.
1386 447 1387 512 3

347 557 487 648 Sanguis
497 565 591 623 eram
597 556 767 622 lacrimae:
783 577 1002 641 quaecunque
1014 553 1179 625 ronmirn
1195 559 1290 624 novit

346 667 494 750 Humor,
506 666 550 728 ab
564 664 616 730 his
628 665 740 752 largus
754 673 868 730 manat
877 684 992 728 eruore
1007 683 1066 728 ora
1082 665 1287 750 redundant,

346 773 389 834 Et
404 775 537 856 patulae
552 793 668 840 nares:
685 775 787 838 sudor
804 775 920 837 rubet:
940 773 1055 836 omnia
1069 772 1178 856 plenis

346 883 499 946 Membra
508 883 615 944 fluunt
628 881 740 949 venis:
759 891 863 946 totum
874 889 921 946 est
931 899 993 964 pro
1004 881 1145 942 vulnere·
1155 895 1285 962 corpus

387 990 431 1050 At
441 987 517 1072 tihi,
537 989 625 1052 leve
640 988 757 1071 miser,
776 983 861 1052 fixus
877 986 1074 1070 praecordia
1091 985 1210 1070 pressit

347 1095 477 1159 Niliaca
491 1105 642 1178 serpente
656 1114 774 1160 cruor:
790 1095 951 1176 nulloque
970 1095 1087 1156 dolore

347 1201 498 1266 Testatus
514 1219 641 1265 morsus
651 1201 759 1265 subita
777 1201 919 1287 caligine
935 1181 1077 1264 mortem
1146 1261 1148 1266 .

348 1307 494 1392 Accipis,
518 1317 551 1372 et
564 1307 669 1372 socias
681 1327 804 1400 ¹sonmo
822 1309 990 1372 descendis
1007 1309 1052 1370 ad
1065 1309 1210 1373 umbras·
1233 1351 1235 1358 ·

349 1417 425 1480 Non
441 1426 508 1480 tam
518 1415 627 1480 veloci
644 1425 862 1500 corrumpunt
879 1417 1001 1499 pocula
1014 1415 1100 1495 leto‚*

219 1581 222 1588 .
348 1519 467 1604 Stipite
482 1539 569 1601 quae
583 1519 656 1581 diro
672 1518 783 1604 virgas
799 1517 936 1580 mentita
953 1515 1094 1584 Sabaeas

349 1621 475 1687 Toxica
491 1619 619 1706 fatilegi
631 1629 773 1703 carpunt
786 1629 916 1682 matura
932 1617 1059 1681 Sabaei.

390 1727 474 1798 Ecce
489 1724 607 1808 procul
622 1741 739 1785 saevus
750 1719 869 1786 sterilis
886 1741 922 1786 se
939 1725 1059 1787 robore
1071 1721 1183 1788 trunci

349 1827 1242 1916 Torsit,etimmisit(laculumvocatAfrica)·serpens;

350 1941 480 2019 Perque
493 1946 592 2020 caput
603 1933 712 1999 Paulli
723 1945 950 2017 nansactaque
963 1947 1113 2020 tempore
1123 1939 1220 2026 fugit.
1252 1953 1264 1998 t
1389 1941 1390 1996 1

350 2037 407 2102 Nil
416 2036 466 2102 ibi
478 2037 569 2102 virus
586 2038 673 2124 agit:
693 2038 804 2122 rapuit
816 2061 893 2103 cum
909 2042 1049 2120 vulneap
1061 2040 1178 2104 latum.
1253 2037 1307 2104 sat

350 2147 622 2230 Deprensumest,
631 2143 826 2226 quaefuuda
836 2155 930 2229 rotat,
940 2166 1040 2226 quam
1051 2149 1140 2209 lenta
1151 2147 1310 2230 volarent,

309 2251 315 2266 '
351 2249 462 2333 Quam
475 2247 584 2334 segnis
594 2247 768 2332 Scythicae
776 2247 927 2311 strideret
940 2249 1111 2331 arundinis
1124 2255 1191 2312 ae'r.

394 2353 484 2439 Quid
501 2353 636 2436 prodest
650 2353 764 2418 miseri
778 2353 952 2419 Basiliscus
974 2355 1108 2440 cuspide
1125 2354 1249 2424 Murri*

352 2462 571 2527 Transactust
588 2463 684 2525 velox
701 2462 803 2525 currit
816 2483 878 2546 per
894 2463 960 2526 tela
977 2483 1160 2546 venenum,

352 2570 551 2652 Invaditque
565 2589 721 2633 manum:
737 2587 839 2651 quarn
852 2572 1004 2655 protinus
1020 2573 1078 2636 ille
1096 2579 1221 2638 retecto

353 2677 439 2740 Ense
449 2673 538 2756 ierit,
555 2683 690 2756 totoque
702 2675 802 2738 dmul
817 2677 959 2740 demittit
973 2682 1015 2742 ab
1031 2697 1145 2741 armos

353 2779 597 2862 Exemplarque
610 2777 663 2842 sui
677 2788 827 2860 spectans
839 2780 1026 2846 miserabile
1044 2784 1102 2847 leti

353 2887 424 2949 Stat
434 2884 549 2967 vivus,
565 2891 725 2966 pereunte
735 2901 847 2946 mauu.
863 2886 944 2970 Quis
955 2887 1022 2950 fatu
1032 2895 1163 2971 putaret

354 2987 530 3071 Scorpion,
546 2995 604 3050 aut
612 2985 699 3050 vires
715 2996 865 3051 maturae
874 2991 989 3054 mortis
996 2993 1147 3055 habere?

269 3115 273 3124 ·
353 3091 416 3164 llle
435 3091 548 3156 minax
565 3090 722 3172 nodis‚et
737 3103 827 3157 recto
843 3099 981 3160 verbere
999 3116 1131 3184 saevum,

353 3199 451 3262 Teste
468 3197 543 3260 tulit
560 3197 654 3259 coelo
670 3196 751 3260 victi
764 3199 863 3263 decus
877 3203 1022 3267 Orionis.

355 3305 438 3393 Quis
449 3307 576 3370 calcare
589 3315 660 3368 tuas
672 3307 808 3388 metuit,
831 3309 994 3396 salpuga,
1007 3311 1175 3380 latebras?
1198 3351 1201 3358 ,

355 3415 396 3476 Et
410 3411 470 3476 tibi
485 3413 565 3474 dant
580 3409 714 3494 Stygiae
728 3409 780 3473 ius
795 3411 832 3472 in
849 3431 909 3474 sua
918 3411 975 3475 fila
990 3435 1130 3480 sorores.

382 3518 449 3582 Sic
462 3541 523 3584 nec
535 3521 624 3584 clara
639 3517 727 3600 dies,
741 3539 802 3583 nec
813 3539 880 3582 nox
891 3519 991 3584 debat
1001 3531 1070 3586 atra
1083 3523 1245 3610 quietem,

356 3622 513 3705 Suspecta
532 3623 660 3689 miseris
675 3625 712 3688 in
727 3643 792 3708 qua
807 3627 924 3690 tellure
940 3627 1101 3695 iacebant.
1166 3647 1168 3652 ·
1293 3648 1297 3659 ·

356 3729 441 3790 Nam
457 3747 566 3811 neque
584 3741 757 3818 congestae
770 3741 917 3798 struxere
934 3733 1057 3798 cubilia
1074 3735 1225 3824 frondes,

357 3835 425 3899 Nec
435 3805 553 3901 cilmis
566 3855 699 3904 crevere
710 3838 774 3913 tori
782 3859 794 3928 εΙ
806 3842 864 3905 sed
876 3861 1016 3926 corpora
1026 3843 1101 3909 tatis
1159 3891 1162 3898 -
