2852 4878
521 325 731 403 VITll
1047 347 1111 418 vu

136 489 355 566 actionibus.
366 486 449 562 Hoc
463 485 598 563 facturn
608 487 758 560 Caesaris
766 487 913 562 iuvenili
925 489 1112 565 aestimans

138 605 253 676 animi
265 604 403 698 caloae,
419 624 634 696 speransque
653 601 854 700 ultionem,
876 627 895 670 a
915 603 1111 674 coniuratis

137 715 176 786 in
191 711 499 788 caedemNeronis
511 712 626 784 secius
634 730 809 785 assumtus
819 702 888 784 est:
903 714 966 784 sad
979 739 1109 810 parum

136 825 264 897 fauste.
284 824 470 916 Deceptus,
487 840 540 904 est
552 823 683 900 enima
702 824 832 902 Pisone
849 841 886 895 et
900 823 1109 895 Consulari-

137 933 229 1020 bus,
244 930 392 1026 aliisque
403 951 567 1026 praetura
585 930 781 1026 perlmctls
797 931 992 1004 illustribus
1014 935 1109 1006 vitis.

137 1039 243 1114 Dum
256 1039 455 1128 vindictam
476 1042 632 1136 expetit,
652 1041 690 1112 in
705 1058 861 1136 mortem
876 1041 988 1140 inuit.
1009 1041 1109 1114 Nam

136 1177 201 1224 sua
212 1167 342 1247 sponte
354 1166 498 1222 coactus
508 1149 583 1222 vita
594 1148 790 1238 excedere,
806 1172 912 1221 venas
931 1150 998 1221 sibi
1008 1175 1109 1244 prae·

139 1261 229 1348 cidit
239 1286 250 1348 3
261 1262 445 1356 periitque
458 1259 552 1355 prid.
567 1260 646 1334 Kal.
662 1259 796 1350 Maias,
812 1257 936 1352 Attico
957 1261 1108 1360 Vestino

137 1391 177 1444 et
200 1374 319 1446 Nerva
344 1371 479 1469 Sylano
496 1365 499 1372 ’
517 1371 613 1475 Cosg.
645 1391 775 1445 xxvn.
814 1375 935 1444 aetatis
969 1397 1107 1446 annum

10 1517 12 1600 ξ
135 1507 263 1582 agens:
288 1508 367 1557 non
387 1485 463 1557 sine
483 1483 617 1559 iactura
640 1482 818 1570 utilitatis3
840 1505 926 1555 cum
951 1483 1107 1580 patriae,

136 1621 233 1687 quae
246 1611 384 1667 tantam
399 1595 590 1669 immature
601 1597 716 1668 amisit
729 1595 918 1686 indolem,
935 1612 1018 1667 tum
1035 1613 1108 1666 stu·

10 1775 11 1786 ,
134 1704 283 1776 diorum
302 1729 464 1798 quoque.
492 1699 639 1798 Reliqui
653 1703 751 1778 enini
773 1705 855 1778 Vll.
875 1703 966 1777 Belli
985 1702 1107 1776 Civilis

10 1799 11 1824 ¹
133 1815 219 1886 libri
243 1817 368 1886 locum
389 1815 712 1904 calumniantibus,
737 1834 912 1928 tanquant
940 1812 1107 1886 mendosi

10 2001 11 2014 ,
133 1947 214 1996 non
240 1921 376 1994 dasent.
405 1922 484 2027 Qui
500 1924 640 1998 tametsi
661 1925 727 1994 sub
752 1922 1011 2016 verolcrimine
1030 1932 1107 2004 ndn

135 2047 247 2130 egent
258 2029 480 2125 patrocinio,
494 2030 540 2102 de
555 2031 681 2104 iisdem
698 2031 790 2119 dici,
806 2033 912 2126 qued
928 2034 966 2104 in
981 2031 1107 2111 Ovidii

133 2141 234 2213 libris
243 2139 510 2234 praescribitur,
528 2157 663 2234 potest:
678 2139 938 2218 Emendaturus.
950 2145 981 2212 si
994 2143 1107 2213 licuis-

133 2267 205 2324 set,
230 2253 313 2325 erat.-
331 2247 480 2322 Exstant
501 2248 576 2320 eius
590 2250 697 2321 etalii
714 2241 932 2346 com'plures3
963 2269 1004 2325 ut
1025 2252 1106 2324 llia·

10 2353 11 2366 ’
134 2381 222 2444 con,
235 2354 453 2448 Saturnalia,
470 2357 720 2445 Catascomon,
740 2351 980 2432 Silvarum'X.
993 2359 1106 2458 Trag-

133 2467 241 2538 oedia
262 2467 392 2539 Medea
407 2466 635 2562 imperfecta,
653 2465 802 2540 Salticae
826 2466 982 2542 Fabulae
999 2471 1103 2548 XIV.

135 2593 176 2648 et
194 2577 416 2674 Hippamata
434 2603 538 2676 prosa
552 2579 766 2663 orationein
780 2579 977 2652 Octavium
992 2579 1106 2680 Sagit-

132 2704 233 2760 tama
257 2705 294 2770 et
307 2715 376 2784 pro
391 2715 455 2783 eo,
474 2689 520 2762 de
539 2687 709 2762 incendio
724 2687 839 2761 Urbist
862 2689 1103 2784 Epistolarum

134 2823 183 2870 ex
207 2799 413 2894 Campania.
439 2794 527 2873 Non
549 2799 753 2872 fastidiendi
778 2799 931 2894 quidem
956 2821 1101 2873 omnes:

132 2910 222 2986 tales
237 2923 382 3004 tamen,
404 2927 447 2984 ut
459 2909 549 2984 Belli
562 2911 684 2986 Civilis
695 2909 884 2982 videantut
898 2899 1054 2982 aceessio.
1071 2917 1075 2926 '
