<?xml version="1.0" encoding="UTF-8"?>
<!DOCTYPE html PUBLIC "-//W3C//DTD XHTML 1.0 Transitional//EN"
    "http://www.w3.org/TR/xhtml1/DTD/xhtml1-transitional.dtd">
<html xmlns="http://www.w3.org/1999/xhtml" xml:lang="en" lang="en">
 <head>
  <title>
</title>
<meta http-equiv="Content-Type" content="text/html;charset=utf-8" />
  <meta name='ocr-system' content='tesseract 3.04.00' />
  <meta name='ocr-capabilities' content='ocr_page ocr_carea ocr_par ocr_line ocrx_word'/>
</head>
<body>
  <div class='ocr_page' id='page_1' title='image "./marciannaeiluca00bipogoog_0205.png"; bbox 0 0 2790 4874; ppageno 0'>
   <div class='ocr_carea' id='block_1_1' title="bbox 384 379 1294 464">
    <p class='ocr_par' dir='ltr' id='par_1_1' title="bbox 384 379 1294 464">
     <span class='ocr_line' id='line_1_1' title="bbox 384 379 1294 464; baseline -0.011 -13"><span class='ocrx_word' id='word_1_1' title='bbox 384 389 443 464; x_wconf 68' lang='lat' dir='ltr'><strong>sn,</strong></span> <span class='ocrx_word' id='word_1_2' title='bbox 638 379 1081 452; x_wconf 75' lang='lat' dir='ltr'><strong>rnnnssurnu</strong></span> <span class='ocrx_word' id='word_1_3' title='bbox 1176 382 1294 459; x_wconf 64' lang='lat' dir='ltr'><strong>aas.</strong></span> 
     </span>
    </p>
   </div>
   <div class='ocr_carea' id='block_1_2' title="bbox 372 527 1387 3879">
    <p class='ocr_par' dir='ltr' id='par_1_2' title="bbox 378 527 1264 1137">
     <span class='ocr_line' id='line_1_2' title="bbox 380 527 1264 608; baseline -0.006 -13"><span class='ocrx_word' id='word_1_4' title='bbox 380 533 500 596; x_wconf 87' lang='lat' dir='ltr'><strong>Vultus</strong></span> <span class='ocrx_word' id='word_1_5' title='bbox 510 538 596 593; x_wconf 83' lang='lat' dir='ltr'><strong>erat:</strong></span> <span class='ocrx_word' id='word_1_6' title='bbox 610 527 681 592; x_wconf 82' lang='lat' dir='ltr'><strong>vidi</strong></span> <span class='ocrx_word' id='word_1_7' title='bbox 690 527 825 608; x_wconf 89' lang='lat' dir='ltr'><strong>Decios,</strong></span> <span class='ocrx_word' id='word_1_8' title='bbox 843 537 1041 607; x_wconf 86' lang='lat' dir='ltr'><strong>natumque,</strong></span> <span class='ocrx_word' id='word_1_9' title='bbox 1057 535 1264 608; x_wconf 83' lang='lat' dir='ltr'><strong>patremque,</strong></span> 
     </span>
     <span class='ocr_line' id='line_1_3' title="bbox 379 632 1238 716; baseline -0.005 -18"><span class='ocrx_word' id='word_1_10' title='bbox 379 638 544 700; x_wconf 84' lang='lat' dir='ltr'><strong>Lustrales</strong></span> <span class='ocrx_word' id='word_1_11' title='bbox 558 633 652 700; x_wconf 87' lang='lat' dir='ltr'><strong>bellis</strong></span> <span class='ocrx_word' id='word_1_12' title='bbox 665 634 807 716; x_wconf 85' lang='lat' dir='ltr'><strong>animas,</strong></span> <span class='ocrx_word' id='word_1_13' title='bbox 830 634 1028 712; x_wconf 88' lang='lat' dir='ltr'><strong>flentemque</strong></span> <span class='ocrx_word' id='word_1_14' title='bbox 1045 632 1238 714; x_wconf 86' lang='lat' dir='ltr'><strong>Camillum,</strong></span> 
     </span>
     <span class='ocr_line' id='line_1_4' title="bbox 378 741 1218 822; baseline -0.012 -14"><span class='ocrx_word' id='word_1_15' title='bbox 378 747 420 808; x_wconf 87' lang='lat' dir='ltr'><strong>Et</strong></span> <span class='ocrx_word' id='word_1_16' title='bbox 436 743 567 822; x_wconf 88' lang='lat' dir='ltr'><strong>Curios;</strong></span> <span class='ocrx_word' id='word_1_17' title='bbox 580 743 705 806; x_wconf 85' lang='lat' dir='ltr'>Sullam</span> <span class='ocrx_word' id='word_1_18' title='bbox 717 743 758 804; x_wconf 92' lang='lat' dir='ltr'><strong>de</strong></span> <span class='ocrx_word' id='word_1_19' title='bbox 773 750 818 819; x_wconf 89' lang='lat' dir='ltr'><strong>te,</strong></span> <span class='ocrx_word' id='word_1_20' title='bbox 834 741 998 820; x_wconf 79' lang='lat' dir='ltr'><strong>Fortuna,</strong></span> <span class='ocrx_word' id='word_1_21' title='bbox 1016 749 1218 818; x_wconf 82' lang='lat' dir='ltr'><strong>querentem.</strong></span> 
     </span>
     <span class='ocr_line' id='line_1_5' title="bbox 378 843 1123 932; baseline -0.008 -18"><span class='ocrx_word' id='word_1_22' title='bbox 378 853 537 932; x_wconf 71' lang='lat' dir='ltr'><strong>Deplorat</strong></span> <span class='ocrx_word' id='word_1_23' title='bbox 551 847 684 929; x_wconf 88' lang='lat' dir='ltr'><strong>Libycis</strong></span> <span class='ocrx_word' id='word_1_24' title='bbox 697 847 879 930; x_wconf 83' lang='lat' dir='ltr'><strong>perituram</strong></span> <span class='ocrx_word' id='word_1_25' title='bbox 895 844 1007 928; x_wconf 84' lang='lat' dir='ltr'><strong>Scipio</strong></span> <span class='ocrx_word' id='word_1_26' title='bbox 1026 843 1123 908; x_wconf 85' lang='lat' dir='ltr'><strong>terris</strong></span> 
     </span>
     <span class='ocr_line' id='line_1_6' title="bbox 378 948 1224 1036; baseline -0.001 -22"><span class='ocrx_word' id='word_1_27' title='bbox 378 952 560 1014; x_wconf 74' lang='lat' dir='ltr'><strong>Infaustam</strong></span> <span class='ocrx_word' id='word_1_28' title='bbox 579 950 737 1018; x_wconf 86' lang='lat' dir='ltr'><strong>sobolem.</strong></span> <span class='ocrx_word' id='word_1_29' title='bbox 761 950 869 1014; x_wconf 85' lang='lat' dir='ltr'><strong>Maior</strong></span> <span class='ocrx_word' id='word_1_30' title='bbox 887 948 1094 1036; x_wconf 70' lang='lat' dir='ltr'>Carthaginis</span> <span class='ocrx_word' id='word_1_31' title='bbox 1107 949 1224 1032; x_wconf 77' lang='lat' dir='ltr'><strong>bostis,</strong></span> 
     </span>
     <span class='ocr_line' id='line_1_7' title="bbox 378 1055 1093 1137; baseline -0.003 -19"><span class='ocrx_word' id='word_1_32' title='bbox 378 1059 453 1118; x_wconf 89' lang='lat' dir='ltr'><strong>Non</strong></span> <span class='ocrx_word' id='word_1_33' title='bbox 469 1055 625 1120; x_wconf 89' lang='lat' dir='ltr'><strong>servituri</strong></span> <span class='ocrx_word' id='word_1_34' title='bbox 641 1065 766 1118; x_wconf 87' lang='lat' dir='ltr'><strong>moeret</strong></span> <span class='ocrx_word' id='word_1_35' title='bbox 780 1059 861 1118; x_wconf 90' lang='lat' dir='ltr'><strong>Cato</strong></span> <span class='ocrx_word' id='word_1_36' title='bbox 874 1055 940 1126; x_wconf 66' lang='lat' dir='ltr'><strong>hta</strong></span> <span class='ocrx_word' id='word_1_37' title='bbox 954 1055 1093 1137; x_wconf 82' lang='lat' dir='ltr'><strong>nepotis.</strong></span> 
     </span>
    </p>

    <p class='ocr_par' dir='ltr' id='par_1_3' title="bbox 378 1158 1216 1554">
     <span class='ocr_line' id='line_1_8' title="bbox 379 1158 1177 1242; baseline 0 -20"><span class='ocrx_word' id='word_1_38' title='bbox 379 1161 494 1225; x_wconf 86' lang='lat' dir='ltr'><strong>Solum</strong></span> <span class='ocrx_word' id='word_1_39' title='bbox 515 1170 561 1242; x_wconf 89' lang='lat' dir='ltr'><strong>te,</strong></span> <span class='ocrx_word' id='word_1_40' title='bbox 578 1162 714 1241; x_wconf 89' lang='lat' dir='ltr'><strong>Consul,</strong></span> <span class='ocrx_word' id='word_1_41' title='bbox 729 1159 872 1242; x_wconf 79' lang='lat' dir='ltr'><strong>depulsis</strong></span> <span class='ocrx_word' id='word_1_42' title='bbox 886 1159 995 1241; x_wconf 91' lang='lat' dir='ltr'><strong>prime</strong></span> <span class='ocrx_word' id='word_1_43' title='bbox 1011 1158 1177 1240; x_wconf 87' lang='lat' dir='ltr'><strong>tyrannis,</strong></span> 
     </span>
     <span class='ocr_line' id='line_1_9' title="bbox 378 1260 1216 1349; baseline 0.007 -25"><span class='ocrx_word' id='word_1_44' title='bbox 378 1264 492 1346; x_wconf 80' lang='lat' dir='ltr'><strong>Brute,</strong></span> <span class='ocrx_word' id='word_1_45' title='bbox 507 1263 578 1346; x_wconf 87' lang='lat' dir='ltr'><strong>pias</strong></span> <span class='ocrx_word' id='word_1_46' title='bbox 588 1263 675 1326; x_wconf 90' lang='lat' dir='ltr'><strong>inter</strong></span> <span class='ocrx_word' id='word_1_47' title='bbox 689 1265 890 1349; x_wconf 78' lang='lat' dir='ltr'><strong>gaudentem</strong></span> <span class='ocrx_word' id='word_1_48' title='bbox 911 1264 1057 1328; x_wconf 86' lang='lat' dir='ltr'><strong>vidimus</strong></span> <span class='ocrx_word' id='word_1_49' title='bbox 1071 1260 1216 1330; x_wconf 86' lang='lat' dir='ltr'><strong>umbras.</strong></span> 
     </span>
     <span class='ocr_line' id='line_1_10' title="bbox 379 1367 1167 1451; baseline 0.004 -21"><span class='ocrx_word' id='word_1_50' title='bbox 379 1367 535 1451; x_wconf 78' lang='lat' dir='ltr'><strong>Abruptis</strong></span> <span class='ocrx_word' id='word_1_51' title='bbox 553 1367 694 1434; x_wconf 85' lang='lat' dir='ltr'><strong>Catilina</strong></span> <span class='ocrx_word' id='word_1_52' title='bbox 705 1367 836 1450; x_wconf 79' lang='lat' dir='ltr'><strong>minax,</strong></span> <span class='ocrx_word' id='word_1_53' title='bbox 855 1367 1033 1449; x_wconf 81' lang='lat' dir='ltr'><strong>fractisque</strong></span> <span class='ocrx_word' id='word_1_54' title='bbox 1044 1369 1167 1433; x_wconf 84' lang='lat' dir='ltr'><strong>catenis</strong></span> 
     </span>
     <span class='ocr_line' id='line_1_11' title="bbox 379 1466 1182 1554; baseline 0 -24"><span class='ocrx_word' id='word_1_55' title='bbox 379 1470 541 1550; x_wconf 84' lang='lat' dir='ltr'><strong>Exsultat,</strong></span> <span class='ocrx_word' id='word_1_56' title='bbox 553 1468 718 1549; x_wconf 76' lang='lat' dir='ltr'><strong>Mariique</strong></span> <span class='ocrx_word' id='word_1_57' title='bbox 733 1478 855 1548; x_wconf 80' lang='lat' dir='ltr'><strong>truces,</strong></span> <span class='ocrx_word' id='word_1_58' title='bbox 869 1467 1019 1549; x_wconf 85' lang='lat' dir='ltr'><strong>nudique</strong></span> <span class='ocrx_word' id='word_1_59' title='bbox 1036 1466 1182 1554; x_wconf 79' lang='lat' dir='ltr'><strong>Cethegi.</strong></span> 
     </span>
    </p>

    <p class='ocr_par' dir='ltr' id='par_1_4' title="bbox 378 1569 1372 2390">
     <span class='ocr_line' id='line_1_12' title="bbox 379 1569 1217 1658; baseline -0.001 -23"><span class='ocrx_word' id='word_1_60' title='bbox 379 1570 458 1635; x_wconf 88' lang='lat' dir='ltr'><strong>Vidi</strong></span> <span class='ocrx_word' id='word_1_61' title='bbox 474 1589 536 1658; x_wconf 80' lang='lat' dir='ltr'><strong>ego</strong></span> <span class='ocrx_word' id='word_1_62' title='bbox 550 1571 706 1640; x_wconf 85' lang='lat' dir='ltr'><strong>laetantes</strong></span> <span class='ocrx_word' id='word_1_63' title='bbox 721 1569 897 1654; x_wconf 84' lang='lat' dir='ltr'><strong>popularia</strong></span> <span class='ocrx_word' id='word_1_64' title='bbox 914 1570 1053 1638; x_wconf 86' lang='lat' dir='ltr'><strong>nomina</strong></span> <span class='ocrx_word' id='word_1_65' title='bbox 1076 1573 1217 1648; x_wconf 79' lang='lat' dir='ltr'><strong>Drusos3</strong></span> 
     </span>
     <span class='ocr_line' id='line_1_13' title="bbox 379 1675 1277 1763; baseline -0.002 -23"><span class='ocrx_word' id='word_1_66' title='bbox 379 1677 520 1763; x_wconf 83' lang='lat' dir='ltr'><strong>Legibus</strong></span> <span class='ocrx_word' id='word_1_67' title='bbox 534 1676 747 1758; x_wconf 86' lang='lat' dir='ltr'><strong>immodicos,</strong></span> <span class='ocrx_word' id='word_1_68' title='bbox 763 1696 924 1756; x_wconf 80' lang='lat' dir='ltr'><strong>ausosque</strong></span> <span class='ocrx_word' id='word_1_69' title='bbox 936 1675 1085 1762; x_wconf 87' lang='lat' dir='ltr'><strong>ingentia</strong></span> <span class='ocrx_word' id='word_1_70' title='bbox 1103 1677 1277 1740; x_wconf 88' lang='lat' dir='ltr'><strong>Gracchos.</strong></span> 
     </span>
     <span class='ocr_line' id='line_1_14' title="bbox 379 1780 1160 1864; baseline 0 -20"><span class='ocrx_word' id='word_1_71' title='bbox 379 1780 528 1850; x_wconf 77' lang='lat' dir='ltr'><strong>Aeternis</strong></span> <span class='ocrx_word' id='word_1_72' title='bbox 548 1783 738 1864; x_wconf 74' lang='lat' dir='ltr'><strong>Chalybum</strong></span> <span class='ocrx_word' id='word_1_73' title='bbox 751 1781 863 1863; x_wconf 83' lang='lat' dir='ltr'><strong>nodis,</strong></span> <span class='ocrx_word' id='word_1_74' title='bbox 883 1791 916 1844; x_wconf 90' lang='lat' dir='ltr'><strong>et</strong></span> <span class='ocrx_word' id='word_1_75' title='bbox 929 1802 1058 1846; x_wconf 85' lang='lat' dir='ltr'><strong>carcere</strong></span> <span class='ocrx_word' id='word_1_76' title='bbox 1075 1780 1160 1844; x_wconf 87' lang='lat' dir='ltr'><strong>Ditis</strong></span> 
     </span>
     <span class='ocr_line' id='line_1_15' title="bbox 380 1883 1258 1969; baseline 0.002 -23"><span class='ocrx_word' id='word_1_77' title='bbox 380 1883 580 1950; x_wconf 85' lang='lat' dir='ltr'><strong>Constrictae</strong></span> <span class='ocrx_word' id='word_1_78' title='bbox 595 1883 746 1966; x_wconf 73' lang='lat' dir='ltr'><strong>plausere</strong></span> <span class='ocrx_word' id='word_1_79' title='bbox 759 1905 891 1968; x_wconf 87' lang='lat' dir='ltr'><strong>manus,</strong></span> <span class='ocrx_word' id='word_1_80' title='bbox 911 1906 1110 1969; x_wconf 77' lang='lat' dir='ltr'><strong>camposque</strong></span> <span class='ocrx_word' id='word_1_81' title='bbox 1125 1886 1258 1969; x_wconf 87' lang='lat' dir='ltr'><strong>piorum</strong></span> 
     </span>
     <span class='ocr_line' id='line_1_16' title="bbox 378 1989 1187 2078; baseline -0.001 -25"><span class='ocrx_word' id='word_1_82' title='bbox 378 1989 486 2054; x_wconf 90' lang='lat' dir='ltr'><strong>Poscit</strong></span> <span class='ocrx_word' id='word_1_83' title='bbox 503 1992 599 2055; x_wconf 87' lang='lat' dir='ltr'><strong>turba</strong></span> <span class='ocrx_word' id='word_1_84' title='bbox 612 2011 743 2056; x_wconf 87' lang='lat' dir='ltr'><strong>nocens.</strong></span> <span class='ocrx_word' id='word_1_85' title='bbox 766 1990 874 2078; x_wconf 80' lang='lat' dir='ltr'><strong>Regni</strong></span> <span class='ocrx_word' id='word_1_86' title='bbox 892 2010 1056 2074; x_wconf 82' lang='lat' dir='ltr'><strong>possessor</strong></span> <span class='ocrx_word' id='word_1_87' title='bbox 1072 1989 1187 2053; x_wconf 88' lang='lat' dir='ltr'><strong>inertis</strong></span> 
     </span>
     <span class='ocr_line' id='line_1_17' title="bbox 378 2093 1372 2180; baseline -0.006 -20"><span class='ocrx_word' id='word_1_88' title='bbox 378 2099 540 2164; x_wconf 86' lang='lat' dir='ltr'><strong>Pallentes</strong></span> <span class='ocrx_word' id='word_1_89' title='bbox 553 2097 658 2180; x_wconf 83' lang='lat' dir='ltr'><strong>aperit</strong></span> <span class='ocrx_word' id='word_1_90' title='bbox 673 2093 1090 2178; x_wconf 81' lang='lat' dir='ltr'><strong>sedes,abruptar&#39;1uesaxa</strong></span> <span class='ocrx_word' id='word_1_91' title='bbox 1276 2095 1332 2158; x_wconf 81' lang='lat'><strong>80⁰</strong></span> <span class='ocrx_word' id='word_1_92' title='bbox 1369 2151 1372 2154; x_wconf 87' lang='lat'><strong>.</strong></span> 
     </span>
     <span class='ocr_line' id='line_1_18' title="bbox 379 2201 1238 2288; baseline -0.002 -22"><span class='ocrx_word' id='word_1_93' title='bbox 379 2207 531 2288; x_wconf 76' lang='lat' dir='ltr'><strong>Asperat,</strong></span> <span class='ocrx_word' id='word_1_94' title='bbox 552 2215 582 2268; x_wconf 90' lang='lat' dir='ltr'><strong>et</strong></span> <span class='ocrx_word' id='word_1_95' title='bbox 601 2206 722 2268; x_wconf 88' lang='lat' dir='ltr'><strong>durum</strong></span> <span class='ocrx_word' id='word_1_96' title='bbox 740 2201 1062 2284; x_wconf 64' lang='lat' dir='ltr'><strong>sternutamenta,</strong></span> <span class='ocrx_word' id='word_1_97' title='bbox 1078 2211 1238 2283; x_wconf 85' lang='lat' dir='ltr'><strong>paratque</strong></span> 
     </span>
     <span class='ocr_line' id='line_1_19' title="bbox 378 2303 1154 2390; baseline 0.001 -23"><span class='ocrx_word' id='word_1_98' title='bbox 378 2308 523 2372; x_wconf 82' lang='lat' dir='ltr'><strong>Poenam</strong></span> <span class='ocrx_word' id='word_1_99' title='bbox 541 2303 668 2390; x_wconf 84' lang='lat' dir='ltr'><strong>victori.</strong></span> <span class='ocrx_word' id='word_1_100' title='bbox 690 2305 791 2374; x_wconf 82' lang='lat' dir='ltr'><strong>Refer</strong></span> <span class='ocrx_word' id='word_1_101' title='bbox 808 2307 889 2372; x_wconf 86' lang='lat' dir='ltr'><strong>haee</strong></span> <span class='ocrx_word' id='word_1_102' title='bbox 901 2306 1019 2376; x_wconf 78' lang='lat' dir='ltr'><strong>solatia</strong></span> <span class='ocrx_word' id='word_1_103' title='bbox 1031 2317 1154 2387; x_wconf 83' lang='lat' dir='ltr'><strong>tecum,</strong></span> 
     </span>
    </p>

    <p class='ocr_par' dir='ltr' id='par_1_5' title="bbox 377 2406 1296 3027">
     <span class='ocr_line' id='line_1_20' title="bbox 381 2406 1296 2494; baseline 0.005 -22"><span class='ocrx_word' id='word_1_104' title='bbox 381 2411 411 2472; x_wconf 95' lang='grc' dir='ltr'>Ο</span> <span class='ocrx_word' id='word_1_105' title='bbox 421 2406 567 2491; x_wconf 84' lang='lat' dir='ltr'><strong>iuvenis,</strong></span> <span class='ocrx_word' id='word_1_106' title='bbox 586 2407 718 2490; x_wconf 84' lang='lat' dir='ltr'><strong>placido</strong></span> <span class='ocrx_word' id='word_1_107' title='bbox 731 2429 858 2491; x_wconf 74' lang='lat' dir='ltr'><strong>moues,</strong></span> <span class='ocrx_word' id='word_1_108' title='bbox 868 2421 1081 2493; x_wconf 84' lang='lat' dir='ltr'><strong>patremque,</strong></span> <span class='ocrx_word' id='word_1_109' title='bbox 1095 2414 1296 2494; x_wconf 76' lang='lat' dir='ltr'><strong>domumque</strong></span> 
     </span>
     <span class='ocr_line' id='line_1_21' title="bbox 378 2515 1140 2602; baseline -0.001 -22"><span class='ocrx_word' id='word_1_110' title='bbox 378 2519 572 2600; x_wconf 84' lang='lat' dir='ltr'><strong>Exspectare</strong></span> <span class='ocrx_word' id='word_1_111' title='bbox 588 2515 680 2598; x_wconf 84' lang='lat' dir='ltr'><strong>sinu,</strong></span> <span class='ocrx_word' id='word_1_112' title='bbox 693 2515 853 2602; x_wconf 81' lang='lat' dir='ltr'><strong>regnique</strong></span> <span class='ocrx_word' id='word_1_113' title='bbox 863 2516 900 2581; x_wconf 90' lang='lat' dir='ltr'><strong>in</strong></span> <span class='ocrx_word' id='word_1_114' title='bbox 917 2529 1011 2599; x_wconf 77' lang='lat' dir='ltr'><strong>parte</strong></span> <span class='ocrx_word' id='word_1_115' title='bbox 1024 2539 1140 2586; x_wconf 84' lang='lat' dir='ltr'><strong>serena</strong></span> 
     </span>
     <span class='ocr_line' id='line_1_22' title="bbox 379 2620 1183 2712; baseline -0.002 -27"><span class='ocrx_word' id='word_1_116' title='bbox 379 2620 544 2704; x_wconf 80' lang='lat' dir='ltr'><strong>Pompeiis</strong></span> <span class='ocrx_word' id='word_1_117' title='bbox 559 2641 690 2692; x_wconf 83' lang='lat' dir='ltr'><strong>servare</strong></span> <span class='ocrx_word' id='word_1_118' title='bbox 709 2624 831 2688; x_wconf 83' lang='lat' dir='ltr'><strong>locum.</strong></span> <span class='ocrx_word' id='word_1_119' title='bbox 850 2623 917 2688; x_wconf 85' lang='lat' dir='ltr'><strong>Neo</strong></span> <span class='ocrx_word' id='word_1_120' title='bbox 931 2622 1039 2712; x_wconf 82' lang='lat' dir='ltr'><strong>gloria</strong></span> <span class='ocrx_word' id='word_1_121' title='bbox 1061 2641 1183 2704; x_wconf 84' lang='lat' dir='ltr'><strong>parvae</strong></span> 
     </span>
     <span class='ocr_line' id='line_1_23' title="bbox 378 2730 1189 2814; baseline 0.005 -18"><span class='ocrx_word' id='word_1_122' title='bbox 378 2730 536 2796; x_wconf 85' lang='lat' dir='ltr'><strong>Sollicitet</strong></span> <span class='ocrx_word' id='word_1_123' title='bbox 552 2731 657 2798; x_wconf 84' lang='lat' dir='ltr'><strong>uitae:</strong></span> <span class='ocrx_word' id='word_1_124' title='bbox 676 2733 803 2814; x_wconf 82' lang='lat' dir='ltr'><strong>ueniet,</strong></span> <span class='ocrx_word' id='word_1_125' title='bbox 821 2751 907 2814; x_wconf 82' lang='lat' dir='ltr'><strong>quae</strong></span> <span class='ocrx_word' id='word_1_126' title='bbox 924 2731 1059 2802; x_wconf 78' lang='lat' dir='ltr'><strong>miseret</strong></span> <span class='ocrx_word' id='word_1_127' title='bbox 1075 2752 1189 2800; x_wconf 79' lang='lat' dir='ltr'><strong>omues</strong></span> 
     </span>
     <span class='ocr_line' id='line_1_24' title="bbox 377 2835 1270 2920; baseline 0 -18"><span class='ocrx_word' id='word_1_128' title='bbox 377 2841 471 2906; x_wconf 86' lang='lat' dir='ltr'><strong>Hora</strong></span> <span class='ocrx_word' id='word_1_129' title='bbox 487 2839 594 2903; x_wconf 86' lang='lat' dir='ltr'><strong>duces.</strong></span> <span class='ocrx_word' id='word_1_130' title='bbox 613 2841 789 2920; x_wconf 83' lang='lat' dir='ltr'><strong>Properate</strong></span> <span class='ocrx_word' id='word_1_131' title='bbox 806 2835 908 2916; x_wconf 88' lang='lat' dir='ltr'><strong>mori,</strong></span> <span class='ocrx_word' id='word_1_132' title='bbox 931 2855 1119 2920; x_wconf 79' lang='lat' dir='ltr'><strong>magnoque</strong></span> <span class='ocrx_word' id='word_1_133' title='bbox 1134 2835 1270 2918; x_wconf 87' lang='lat' dir='ltr'><strong>superbi</strong></span> 
     </span>
     <span class='ocr_line' id='line_1_25' title="bbox 377 2938 1172 3027; baseline -0.003 -23"><span class='ocrx_word' id='word_1_134' title='bbox 377 2941 539 3027; x_wconf 76' lang='lat' dir='ltr'><strong>Quamvis</strong></span> <span class='ocrx_word' id='word_1_135' title='bbox 555 2963 575 3004; x_wconf 93' lang='lat' dir='ltr'><strong>e</strong></span> <span class='ocrx_word' id='word_1_136' title='bbox 593 2941 703 3024; x_wconf 83' lang='lat' dir='ltr'><strong>parvis</strong></span> <span class='ocrx_word' id='word_1_137' title='bbox 721 2940 835 3004; x_wconf 83' lang='lat' dir='ltr'><strong>animo</strong></span> <span class='ocrx_word' id='word_1_138' title='bbox 852 2938 1039 3008; x_wconf 87' lang='lat' dir='ltr'><strong>descendite</strong></span> <span class='ocrx_word' id='word_1_139' title='bbox 1052 2939 1172 3020; x_wconf 70' lang='lat' dir='ltr'><strong>bustis,</strong></span> 
     </span>
    </p>

    <p class='ocr_par' dir='ltr' id='par_1_6' title="bbox 372 3049 1387 3666">
     <span class='ocr_line' id='line_1_26' title="bbox 372 3049 1248 3136; baseline -0.007 -23"><span class='ocrx_word' id='word_1_140' title='bbox 372 3052 419 3136; x_wconf 63' lang='lat' dir='ltr'><strong>lit</strong></span> <span class='ocrx_word' id='word_1_141' title='bbox 434 3054 663 3120; x_wconf 81' lang='lat' dir='ltr'><strong>Romanorum</strong></span> <span class='ocrx_word' id='word_1_142' title='bbox 681 3071 795 3120; x_wconf 79' lang='lat' dir='ltr'><strong>manes</strong></span> <span class='ocrx_word' id='word_1_143' title='bbox 813 3051 936 3126; x_wconf 82' lang='lat' dir='ltr'><strong>calcate</strong></span> <span class='ocrx_word' id='word_1_144' title='bbox 955 3049 1113 3118; x_wconf 87' lang='lat' dir='ltr'><strong>Deorum.</strong></span> <span class='ocrx_word' id='word_1_145' title='bbox 1245 3111 1248 3118; x_wconf 67' lang='grc'>,</span> 
     </span>
     <span class='ocr_line' id='line_1_27' title="bbox 377 3151 1387 3239; baseline 0.001 -21"><span class='ocrx_word' id='word_1_146' title='bbox 377 3157 486 3239; x_wconf 75' lang='lat' dir='ltr'><strong>Quem</strong></span> <span class='ocrx_word' id='word_1_147' title='bbox 501 3157 667 3230; x_wconf 84' lang='lat' dir='ltr'><strong>tumulum</strong></span> <span class='ocrx_word' id='word_1_148' title='bbox 680 3154 764 3236; x_wconf 84' lang='lat' dir='ltr'><strong>Nili,</strong></span> <span class='ocrx_word' id='word_1_149' title='bbox 778 3175 878 3236; x_wconf 86' lang='lat' dir='ltr'><strong>quern</strong></span> <span class='ocrx_word' id='word_1_150' title='bbox 888 3151 1034 3216; x_wconf 88' lang='lat' dir='ltr'><strong>Tibridis</strong></span> <span class='ocrx_word' id='word_1_151' title='bbox 1048 3155 1162 3216; x_wconf 85' lang='lat' dir='ltr'><strong>adluat</strong></span> <span class='ocrx_word' id='word_1_152' title='bbox 1176 3155 1287 3236; x_wconf 77' lang='lat' dir='ltr'><strong>unda,</strong></span> <span class='ocrx_word' id='word_1_153' title='bbox 1386 3151 1387 3158; x_wconf 54' lang='lat'><em>&#39;</em></span> 
     </span>
     <span class='ocr_line' id='line_1_28' title="bbox 377 3259 1299 3346; baseline 0.003 -24"><span class='ocrx_word' id='word_1_154' title='bbox 377 3260 571 3346; x_wconf 76' lang='lat' dir='ltr'><strong>Quaeritur,</strong></span> <span class='ocrx_word' id='word_1_155' title='bbox 585 3271 617 3332; x_wconf 87' lang='lat' dir='ltr'><strong>et</strong></span> <span class='ocrx_word' id='word_1_156' title='bbox 628 3261 767 3334; x_wconf 86' lang='lat' dir='ltr'><strong>ducibus</strong></span> <span class='ocrx_word' id='word_1_157' title='bbox 784 3269 913 3330; x_wconf 85' lang='lat' dir='ltr'><strong>tantum</strong></span> <span class='ocrx_word' id='word_1_158' title='bbox 922 3261 965 3324; x_wconf 87' lang='lat' dir='ltr'><strong>dc</strong></span> <span class='ocrx_word' id='word_1_159' title='bbox 984 3259 1100 3332; x_wconf 82' lang='lat' dir='ltr'><strong>funere</strong></span> <span class='ocrx_word' id='word_1_160' title='bbox 1115 3279 1226 3344; x_wconf 88' lang='lat' dir='ltr'><strong>pugna</strong></span> <span class='ocrx_word' id='word_1_161' title='bbox 1237 3269 1299 3324; x_wconf 80' lang='lat' dir='ltr'><strong>est</strong></span> 
     </span>
     <span class='ocr_line' id='line_1_29' title="bbox 376 3364 1253 3453; baseline 0.002 -27"><span class='ocrx_word' id='word_1_162' title='bbox 376 3365 428 3426; x_wconf 85' lang='lat' dir='ltr'><strong>Tu</strong></span> <span class='ocrx_word' id='word_1_163' title='bbox 445 3364 549 3428; x_wconf 82' lang='lat' dir='ltr'><strong>fatum</strong></span> <span class='ocrx_word' id='word_1_164' title='bbox 565 3387 607 3438; x_wconf 86' lang='lat' dir='ltr'><strong>ne</strong></span> <span class='ocrx_word' id='word_1_165' title='bbox 626 3385 749 3447; x_wconf 79' lang='lat' dir='ltr'><strong>quaere</strong></span> <span class='ocrx_word' id='word_1_166' title='bbox 769 3375 880 3444; x_wconf 82' lang='lat' dir='ltr'><strong>tuum3</strong></span> <span class='ocrx_word' id='word_1_167' title='bbox 900 3387 1095 3453; x_wconf 85' lang='lat' dir='ltr'><strong>cognoscere</strong></span> <span class='ocrx_word' id='word_1_168' title='bbox 1114 3369 1253 3447; x_wconf 88' lang='lat' dir='ltr'><strong>Parcae,</strong></span> 
     </span>
     <span class='ocr_line' id='line_1_30' title="bbox 376 3469 1228 3555; baseline 0.011 -26"><span class='ocrx_word' id='word_1_169' title='bbox 376 3469 432 3530; x_wconf 88' lang='lat' dir='ltr'><strong>Me</strong></span> <span class='ocrx_word' id='word_1_170' title='bbox 444 3469 614 3555; x_wconf 86' lang='lat' dir='ltr'><strong>reticente,</strong></span> <span class='ocrx_word' id='word_1_171' title='bbox 632 3473 778 3546; x_wconf 79' lang='lat' dir='ltr'><strong>dabunt:</strong></span> <span class='ocrx_word' id='word_1_172' title='bbox 800 3470 862 3536; x_wconf 91' lang='lat' dir='ltr'><strong>tibi</strong></span> <span class='ocrx_word' id='word_1_173' title='bbox 876 3472 994 3539; x_wconf 89' lang='lat' dir='ltr'><strong>certior</strong></span> <span class='ocrx_word' id='word_1_174' title='bbox 1008 3471 1121 3544; x_wconf 77' lang='lat' dir='ltr'><strong>onnia</strong></span> <span class='ocrx_word' id='word_1_175' title='bbox 1137 3483 1228 3538; x_wconf 84' lang='lat' dir='ltr'><strong>vates</strong></span> 
     </span>
     <span class='ocr_line' id='line_1_31' title="bbox 376 3575 1188 3666; baseline 0.01 -31"><span class='ocrx_word' id='word_1_176' title='bbox 376 3575 450 3656; x_wconf 90' lang='lat' dir='ltr'><strong>lpse</strong></span> <span class='ocrx_word' id='word_1_177' title='bbox 460 3587 554 3640; x_wconf 89' lang='lat' dir='ltr'><strong>canet</strong></span> <span class='ocrx_word' id='word_1_178' title='bbox 564 3578 682 3652; x_wconf 81' lang='lat' dir='ltr'><strong>Siculis</strong></span> <span class='ocrx_word' id='word_1_179' title='bbox 694 3579 824 3666; x_wconf 88' lang='lat' dir='ltr'><strong>genitor</strong></span> <span class='ocrx_word' id='word_1_180' title='bbox 843 3579 1020 3661; x_wconf 82' lang='lat' dir='ltr'><strong>Pompeius</strong></span> <span class='ocrx_word' id='word_1_181' title='bbox 1034 3579 1072 3642; x_wconf 89' lang='lat' dir='ltr'><strong>in</strong></span> <span class='ocrx_word' id='word_1_182' title='bbox 1088 3579 1188 3644; x_wconf 82' lang='lat' dir='ltr'><strong>arvis:</strong></span> 
     </span>
    </p>

    <p class='ocr_par' dir='ltr' id='par_1_7' title="bbox 377 3681 1293 3879">
     <span class='ocr_line' id='line_1_32' title="bbox 378 3681 1293 3772; baseline 0.01 -31"><span class='ocrx_word' id='word_1_183' title='bbox 378 3681 440 3744; x_wconf 91' lang='lat' dir='ltr'><strong>Ille</strong></span> <span class='ocrx_word' id='word_1_184' title='bbox 452 3703 584 3764; x_wconf 90' lang='lat' dir='ltr'><strong>quoque</strong></span> <span class='ocrx_word' id='word_1_185' title='bbox 595 3685 755 3769; x_wconf 87' lang='lat' dir='ltr'><strong>incertus,</strong></span> <span class='ocrx_word' id='word_1_186' title='bbox 771 3707 838 3768; x_wconf 87' lang='lat' dir='ltr'><strong>quo</strong></span> <span class='ocrx_word' id='word_1_187' title='bbox 853 3698 883 3756; x_wconf 81' lang='lat' dir='ltr'><strong>te</strong></span> <span class='ocrx_word' id='word_1_188' title='bbox 896 3697 1006 3770; x_wconf 73' lang='lat' dir='ltr'><strong>vocet,</strong></span> <span class='ocrx_word' id='word_1_189' title='bbox 1025 3691 1114 3755; x_wconf 88' lang='lat' dir='ltr'><strong>uude</strong></span> <span class='ocrx_word' id='word_1_190' title='bbox 1129 3689 1293 3772; x_wconf 82' lang='lat' dir='ltr'><strong>repellat,</strong></span> 
     </span>
     <span class='ocr_line' id='line_1_33' title="bbox 377 3784 1231 3879; baseline 0.009 -33"><span class='ocrx_word' id='word_1_191' title='bbox 377 3786 466 3867; x_wconf 73' lang='lat' dir='ltr'><strong>Quas</strong></span> <span class='ocrx_word' id='word_1_192' title='bbox 480 3784 592 3850; x_wconf 88' lang='lat' dir='ltr'><strong>iubeat</strong></span> <span class='ocrx_word' id='word_1_193' title='bbox 606 3789 711 3856; x_wconf 84' lang='lat' dir='ltr'><strong>vitare</strong></span> <span class='ocrx_word' id='word_1_194' title='bbox 722 3792 854 3879; x_wconf 72' lang='lat' dir='ltr'><strong>plagas,</strong></span> <span class='ocrx_word' id='word_1_195' title='bbox 875 3813 959 3878; x_wconf 88' lang='lat' dir='ltr'><strong>quae</strong></span> <span class='ocrx_word' id='word_1_196' title='bbox 979 3792 1087 3858; x_wconf 87' lang='lat' dir='ltr'><strong>sidera</strong></span> <span class='ocrx_word' id='word_1_197' title='bbox 1102 3791 1231 3855; x_wconf 89' lang='lat' dir='ltr'><strong>muudi.</strong></span> 
     </span>
    </p>
   </div>
   <div class='ocr_carea' id='block_1_3' title="bbox 0 0 1400 4874">
    <p class='ocr_par' dir='ltr' id='par_1_8' title="bbox 0 0 1400 4874">
     <span class='ocr_line' id='line_1_34' title="bbox 0 0 1400 4874; baseline 0 0"><span class='ocrx_word' id='word_1_198' title='bbox 0 0 1400 4874; x_wconf 95' lang='lat' dir='ltr'><strong> </strong></span> 
     </span>
    </p>
   </div>
  </div>
 </body>
</html>
