2824 4880
362 380 422 452 ²¹4
623 361 1060 426 PHARSALIAE
1173 363 1271 440 snei.

361 509 529 596 Ancipites
548 519 681 575 tenuere
699 509 843 592 animos,
855 508 1002 573 sociosne
1018 511 1200 590 malorum,

361 623 413 686 nn
423 619 579 682 veherent
591 609 716 680 hostes:
730 635 886 699 praeceps
899 613 1089 680 taciturnae
1103 613 1285 682 timendum

255 709 258 718 Δ
361 722 490 803 Victor,
501 731 533 784 et
546 721 581 784 in
594 721 687 788 nulla
704 739 772 784 non
787 719 931 784 creditur
947 739 1015 781 esse
1030 718 1151 784 carina.

361 832 419 917 nst
432 830 510 892 illae
522 847 649 911 puppes
666 827 773 890 luctus
785 825 1001 914 planctusque
1016 824 1184 907 serebant,

361 935 499 1003 litterale
510 935 564 995 vel
578 931 655 997 duri
667 929 819 992 lacrimas
836 937 966 996 motura
976 925 1120 989 Catonis.
1246 922 1249 931 '

402 1043 486 1102 Nam
497 1048 669 1122 postquem
680 1037 799 1100 frustra
813 1033 965 1118 precibus
975 1031 1128 1096 Cornelia
1141 1037 1257 1096 nautes

361 1140 576 1226 Privignique
589 1141 701 1226 lugam
717 1125 838 1220 tenuit,
851 1159 894 1200 ne
908 1137 991 1201 forte
1007 1139 1158 1221 repulsus

316 1237 319 1244 ’
361 1248 529 1320 ,Litoribus
539 1246 666 1310 Phariis
679 1249 839 1316 remearet
852 1245 889 1308 in
907 1265 1050 1336 aequora
1068 1255 1217 1328 truncus,

365 1355 581 1436 Ostenditque
598 1345 715 1441 rogum
731 1373 798 1418 non
811 1353 888 1418 iusti
904 1357 1035 1428 flamma
1055 1355 1216 1437 sepulcris

363 1465 451 1549 Ergo
465 1462 601 1550 indigna
621 1461 686 1544 iul,
703 1461 802 1542 dixit,
818 1465 975 1544 Fortuna,
988 1463 1107 1524 marito

363 1568 557 1640 Accendisse
572 1587 708 1654 rogum,
725 1567 917 1653 gelidosque
934 1563 1037 1634 effusa
1053 1589 1115 1651 per
1129 1578 1218 1630 artus

362 1671 554 1734 Incubuisse
564 1671 653 1753 viro,
666 1672 791 1733 laceros
808 1692 945 1741 exurere
962 1671 1086 1754 crines,
1298 1749 1301 1754 Ι

248 1796 252 1810 ¹
363 1775 580 1854 Membraque
590 1773 728 1858 dispersi
740 1775 1069 1862 pelagocomponere
1084 1773 1225 1860 Magni?
1380 1746 1381 1768 Χ

363 1877 566 1942 Vulneribus
578 1879 702 1943 cunctis
720 1881 827 1966 largos
839 1876 1014 1942 infundere
1027 1881 1144 1942 fletus?

365 1981 502 2046 Ossibus
517 1995 548 2046 et
566 1983 675 2075 tepida
685 1993 789 2056 vestes
808 1984 946 2068 implere
960 1985 1100 2048 invilla?

364 2085 536 2170 Quidquid
549 2091 591 2152 ab
605 2089 764 2162 exstincto
779 2089 921 2154 licuisset
936 2093 1051 2160 tollere
1067 2091 1180 2173 busto,
1275 2093 1305 2166 ir
1381 2080 1382 2156 i

363 2194 403 2254 In
422 2192 551 2276 templis
567 2213 720 2275 sparsura
734 2195 851 2266 Derim.
869 2195 946 2266 Sine
957 2195 1082 2266 timeris
1096 2197 1165 2258 ullo

343 2310 345 2328 ¹
364 2298 464 2382 ,ledet
481 2299 606 2365 honore
622 2319 740 2391 rogus:
760 2319 877 2370 manus
891 2303 955 2363 hoc
967 2297 1131 2388 Aegyptia
1145 2299 1254 2370 forsan

366 2402 495 2472 Obtulit
510 2401 654 2466 officium
669 2426 771 2490 grave
783 2405 946 2468 manibus.
967 2407 998 2468 Ο
1014 2407 1097 2468 bene
1110 2403 1194 2470 nudi
1382 2414 1383 2490 l

366 2511 557 2580 Crassorum
576 2495 721 2577 cineres!
742 2510 900 2602 Pompeio
919 2509 1058 2596 contigit
1077 2507 1165 2595 ignis
1203 2554 1207 2567 ,
1382 2491 1383 2512 ἦ

365 2609 497 2694 Invidia
514 2613 639 2675 maiore
652 2612 778 2676 Deilmi
792 2613 956 2678 Similisne
975 2615 1140 2676 malorum

366 2716 444 2780 sors
453 2713 536 2776 mihi
546 2731 675 2807 semper
685 2713 770 2782 erit?
785 2737 955 2802 nunquam
968 2717 1047 2784 dare
1055 2715 1139 2778 iusta
1153 2713 1263 2778 licebit

363 2817 590 2905 coniugibus:
604 2841 773 2904 nunquam
786 2823 1103 2906 plenasplangemus
1114 2821 1157 2880 ad
1166 2819 1286 2886 urnas?

367 2923 458 3008 Quid
469 2944 570 3005 porro
589 2925 724 2990 tumulis
738 2945 821 3009 opus
832 2937 894 3007 est,
913 2937 970 2996 aut
986 2927 1055 2987 ulla
1071 2925 1211 3006 requiris

365 3027 603 3110 Instrumenta,
620 3031 739 3092 dolor?
752 3051 819 3094 non
835 3042 902 3101 toto
918 3042 1049 3117 pectore
1063 3039 1174 3112 portas
1272 3075 1275 3080 -

366 3131 474 3213 Impia
492 3129 713 3216 Pompeium?
729 3157 797 3200 non
809 3138 884 3212 imis
900 3139 1011 3210 haeret
1021 3135 1133 3224 imago

366 3233 581 3306 Visceribus?
594 3249 729 3318 quaerat
742 3239 867 3311 cineres
880 3239 1005 3302 victura
1017 3247 1188 3321 superstes.

368 3343 463 3407 Nunc
483 3349 591 3404 tamen
609 3343 683 3424 hio,
694 3346 793 3430 longe
807 3345 865 3426 qui
879 3345 983 3431 fulget
1000 3347 1075 3408 luce
1090 3343 1251 3429 maligna,

367 3445 474 3532 Ignis,
485 3448 594 3513 adhuc
608 3447 752 3529 aliquid,
766 3447 885 3510 Phario
898 3449 939 3510 de
953 3446 1049 3509 litore
1064 3467 1201 3532 surgens
1225 3455 1228 3466 ’

370 3549 522 3618 Ostendit
538 3549 636 3630 mihi,
651 3555 786 3636 Magne,
800 3551 866 3613 tul:
879 3550 946 3612 iam
962 3551 1094 3612 flamma
1109 3547 1237 3631 residit,

369 3655 636 3737 Pompeiumque
647 3659 753 3722 ferens
766 3659 911 3726 vanescit
926 3657 1010 3724 sotis
1027 3659 1175 3722 adortus

368 3747 505 3851 Furdus,
521 3769 553 3824 et
570 3761 669 3831 invisi
685 3765 823 3832 tendunt
835 3763 918 3835 mihi
932 3765 1065 3834 carbasa
1075 3762 1177 3835 renti.
