2824 4880
359 373 417 440 ²7²
698 359 977 430 CARMEN
1182 379 1215 428 v.
1237 363 1290 429 833

355 496 540 586 implevere
552 499 660 565 locos:
674 501 754 566 hinc
765 514 923 568 exornata
934 503 1049 592 figuris

354 607 513 690 Advolat,
527 628 661 672 excusso
673 612 771 674 velox
784 613 947 676 sententia
961 625 1070 676 torno.

353 711 478 799 Magna
493 715 628 796 quidem
640 716 744 781 virtus
758 729 843 800 erat,
856 719 929 782 etsi
944 721 1016 783 sola
1031 719 1162 804 fuisset,

345 803 495 900 'Etoquio
508 831 659 888 sunctum
674 824 775 885 modo
791 826 999 908 permulcere
1009 826 1188 909 Senatum,

352 925 541 991 Exonerare
556 927 630 1012 pios
648 929 765 1010 modo,
777 947 867 992 nunc
885 950 1025 994 onerare
1041 943 1216 998 nocentest

352 1037 417 1100 sed
430 1037 604 1120 superista
618 1048 730 1101 movet
746 1041 866 1122 plenus
881 1041 1044 1128 gravitate
1061 1065 1179 1108 serena

352 1137 489 1225 Vultus,
504 1155 535 1206 et
550 1141 675 1230 insigni
688 1145 901 1232 praestringit
914 1147 1062 1235 imagine
1072 1149 1172 1214 visus.

351 1245 441 1313 Talis
453 1247 537 1311 inest
550 1249 698 1331 babitus,
712 1253 844 1330 qualem
861 1271 922 1314 uec
933 1253 1043 1316 dicere
1055 1265 1237 1339 moestum,

350 1353 420 1416 Nec
435 1353 592 1434 fluidum,
605 1355 692 1416 laeta
704 1355 762 1418 sed
777 1350 950 1418 tetricitate
962 1359 1123 1420 decorum

350 1459 545 1525 Possumus:
559 1461 728 1548 ingenitae
745 1453 809 1527 stat
824 1464 1007 1528 nobilitatis
1022 1466 1058 1528 in
1073 1465 1134 1529 illo

348 1565 493 1630 Pulcher
504 1569 626 1650 honos,
640 1579 673 1632 et
690 1569 792 1656 digna
805 1569 871 1634 suis
887 1571 1054 1634 natalibus
1070 1589 1141 1634 ora.

348 1671 493 1734 Additur
508 1673 574 1736 huc
591 1684 623 1738 et
640 1674 726 1738 iusta
743 1673 841 1758 fides,
857 1686 889 1738 et
906 1677 1006 1758 plena
1025 1675 1164 1758 pudoris

348 1776 513 1860 Libertas,
528 1779 724 1870 animusque
741 1783 830 1844 mala
838 1765 1014 1867 'ferrugine
1031 1799 1156 1864 puruss

298 1956 299 1960 η
347 1883 491 1966 Ipsaque
502 1903 651 1968 possesso
668 1907 761 1950 mens
777 1897 823 1950 est
836 1887 1028 1970 opulentior
1043 1905 1136 1949 auro.

348 1989 432 2074 Quis
446 2001 501 2053 tua
516 1991 698 2074 cultorum,
711 1991 839 2054 iuvenis
852 1992 1013 2072 facunde,
1028 2002 1163 2054 tuorum
1184 1997 1187 2005 '

347 2095 480 2160 Limina
493 2117 622 2184 pauper
638 2098 722 2182 adit,
744 2117 843 2180 quem
860 2118 929 2160 non
946 2098 1098 2160 animosa
1111 2099 1251 2160 beatum
1279 2095 1321 2179 98

347 2203 494 2287 Excipit,
512 2215 544 2268 et
556 2204 666 2268 subito
680 2204 772 2267 iuvat
791 2202 999 2290 indulgentia
1010 2203 1132 2264 censui

346 2307 512 2390 Quodque
525 2309 631 2393 magis
645 2310 735 2372 dono
745 2307 854 2378 tuerit
864 2305 1040 2390 pretiosius
1052 2303 1161 2386 omni,
1261 2351 1263 2356 ,

346 2410 467 2497 Diligis
482 2431 524 2474 ex
538 2431 663 2494 aequos
680 2433 742 2476 nec
759 2423 790 2476 te
804 2413 940 2476 fortuna
960 2411 1138 2493 clientum,

345 2517 520 2580 Natalesve
535 2524 686 2579 movent:
704 2516 852 2600 probitas
867 2528 1032 2602 spectatur
1049 2517 1086 2580 in
1101 2517 1179 2583 illis.

344 2619 446 2681 Nulla
459 2622 680 2704 superborum
696 2620 868 2704 patiuntur
883 2621 972 2686 dicta
988 2621 1158 2686 iocorum:

344 2725 477 2790 Nullius
489 2727 614 2790 subitos
633 2726 741 2789 adfert
756 2725 878 2790 iniuria
892 2727 989 2792 risus.

344 2831 439 2896 Unus
455 2833 620 2898 amicitiae
636 2855 783 2898 summos
802 2847 896 2900 tenor
909 2835 1072 2919 ambit,et
1089 2836 1182 2902 imos.

344 2939 434 3004 Rara
447 2942 566 3024 domus
584 2950 717 3002 tenuem
731 2958 801 3003 non
819 2939 1013 3024 aspernatur
1023 2940 1182 3023 amicum,

343 3044 500 3128 Raraque
514 3067 583 3110 non
599 3047 760 3110 humilem
778 3049 881 3110 calcat
898 3049 1016 3111 fastosa
1031 3047 1196 3110 clientem.

344 3151 417 3214 Illic
437 3163 524 3215 casta
542 3151 620 3214 licet
636 3171 745 3234 mens,
760 3161 791 3213 et
804 3151 878 3213 sine
889 3151 1029 3214 crimine
1046 3161 1172 3214 constet

344 3257 438 3340 Vita,
457 3267 567 3319 tamen
582 3256 729 3340 probitas
744 3277 820 3318 cum
842 3264 1036 3338 paupertate
1050 3254 1183 3322 iacebit.

344 3366 408 3429 Sed
421 3362 518 3428 lateri
534 3365 646 3426 nullus
664 3362 819 3426 comitem
837 3361 1043 3450 circumdare
1063 3359 1209 3442 quaerit,
1404 3429 1405 3450 p

343 3472 453 3556 Quem
464 3473 521 3532 dat
533 3491 635 3553 purus
648 3489 752 3550 amor,
762 3471 820 3532 sed
831 3488 931 3549 quem
943 3469 1018 3530 tulit
1032 3467 1140 3550 impia
1148 3485 1272 3530 merces
1277 3511 1290 3551 ,
1404 3455 1405 3482 ³

342 3577 410 3637 Nec
426 3573 601 3655 quisquam
612 3594 692 3638 vero
712 3573 856 3656 pretium
874 3574 1015 3660 largitur
1031 3574 1157 3654 amic0,

344 3683 452 3766 Quem
464 3693 557 3766 regat
568 3696 609 3745 ex
621 3679 737 3763 ae'quo,
748 3678 942 3760 vicibusque
953 3689 1088 3766 regatur
1099 3682 1142 3740 ab
1155 3679 1234 3742 illo:

315 3801 317 3806 '
343 3785 408 3846 Sed
421 3783 577 3846 miserum
591 3805 695 3868 parva
706 3785 791 3868 stipe
804 3794 969 3868 munerat,
986 3795 1022 3860 ut
1035 3785 1254 3868 pudibundos
