2790 4874
229 479 232 491 ,
313 385 793 476 maenum-497.
920 359 1032 478 ]14⁵

85 537 137 602 Est
153 535 218 602 illis
232 535 393 621 superoei
404 557 448 602 an
461 537 585 602 babent
596 538 678 602 haec
690 537 838 602 carmina
855 545 983 603 certum

85 643 258 727 Imperiosa
271 645 395 726 Deum,
411 643 471 724 qui
485 643 649 706 mundum
663 661 795 729 cogere,
815 641 978 724 quidquid

86 747 217 835 Cogitur
226 747 312 830 ipse,
323 749 455 830 potest?
473 746 543 810 lllis
558 757 591 809 et
604 746 713 810 sidero
727 746 874 828 primum

86 852 255 938 Praecipiti
270 855 410 918 deducta
426 855 522 937 polo:
537 853 735 932 Phoebeque
743 873 861 916 serena
992 932 998 940 ο

86 965 157 1026 Non
170 961 280 1044 aliter,
299 960 380 1026 diris
390 963 566 1026 verborum
584 959 713 1022 obsessa
729 958 880 1044 venenis,

86 1065 218 1149 Palluit,
233 1077 265 1130 et
280 1065 383 1153 nigris
401 1065 602 1146 terrenisque
618 1063 752 1150 ignibus
767 1063 862 1145 arsit,

88 1177 191 1259 Quam
205 1173 235 1237 si
251 1167 395 1238 ¹fraterna
410 1172 600 1257 prohiberet
616 1169 767 1257 imagine
780 1172 890 1252 tellus,
937 1241 939 1250 ,

87 1282 310 1363 Insereretque
325 1299 399 1346 suas
414 1279 554 1344 flammis
570 1277 763 1342 coelestibus
776 1261 934 1342 umbras(

88 1389 127 1449 Et
140 1387 263 1470 patitur
277 1397 383 1452 tantos
399 1396 497 1450 cantu
512 1386 663 1468 depressa
677 1385 807 1448 labores
894 1399 898 1406 ·

88 1491 199 1553 Donec
210 1490 394 1575 suppositus
406 1487 544 1574 propior
556 1489 728 1572 despumet
742 1489 778 1550 in
794 1490 922 1552 berbas.
946 1470 957 1504 ⁷

127 1597 195 1658 llos
210 1596 370 1658 scelerum
383 1592 482 1673 ritus,
495 1595 578 1656 haec
591 1592 683 1656 dirae
699 1593 847 1656 carmina
859 1587 980 1682 gentis

87 1680 194 1762 ‘Effera
213 1701 385 1762 damnarat
400 1698 524 1762 nimiae
539 1696 669 1781 pietatis
683 1699 859 1788 Erichtho,

89 1803 192 1882 Inque
207 1819 310 1868 novos
321 1803 403 1868 'ritus
415 1803 577 1886 pollutam
592 1795 731 1868 duxerat
744 1813 859 1868 artem.

90 1906 143 1968 Illi
160 1926 303 1986 namque
318 1905 411 1972 netas
427 1904 518 1968 urbis
534 1905 726 1969 submittere
740 1915 825 1969 tecto

89 2013 153 2073 Aut
168 2009 294 2074 laribus
309 2011 411 2074 ferale
427 2022 544 2092 caputr
556 2011 748 2090 desertaque
764 2011 861 2073 busta

89 2113 222 2198 Incolit,
237 2123 269 2177 et
284 2115 428 2178 tumulos
440 2113 583 2196 expulsis
598 2113 727 2176 obtinet
743 2114 886 2198 umbris,
982 2115 1041 2178 nr

92 2223 188 2284 Grata
204 2221 283 2284 Deis
295 2221 404 2285 Erebi.
425 2223 542 2306 Coetus
552 2221 667 2285 audire
680 2223 852 2305 silentum,

91 2328 189 2392 Nosse
203 2329 319 2392 domos
334 2327 482 2414 Stygias,
495 2347 682 2410 arcanaque
696 2329 782 2392 Ditis
797 2327 904 2412 operti
924 2323 926 2333 ’
945 2371 951 2378 -
977 2333 981 2340 '

90 2434 163 2496 Non
175 2432 311 2516 Superi,
324 2453 393 2496 non
402 2434 471 2498 vita
482 2447 580 2500 vetat.
599 2437 705 2500 Tenet
717 2455 777 2499 ora
788 2435 947 2518 profanae

90 2537 198 2598 Foeda
213 2535 276 2598 situ
290 2537 426 2618 macies,
439 2535 599 2621 coeloqu'e
609 2539 722 2624 ignota
735 2557 871 2620 sereno,

90 2639 262 2704 Terribilis
278 2641 393 2728 Stygio
409 2642 507 2707 facies
520 2646 648 2727 pallore
666 2655 838 2730 gravatur,

91 2742 237 2824 Impexis
253 2757 388 2808 onerata
404 2748 517 2814 comis.
537 2748 572 2812 Si
587 2749 737 2830 nimbus,
752 2759 784 2810 et
798 2761 888 2812 atrae

91 2847 207 2910 Sidera
221 2850 408 2914 subducunt
424 2837 541 2934 nubes,
559 2855 800 2918 tunchessala
820 2852 919 2914 nudis

91 2954 267 3042 Egreditur
281 2957 402 3039 bustis,
417 2970 644 3046 nocturnaque
661 2961 795 3045 fulgura
814 2965 933 3040 captat.

92 3058 224 3122 Semina
236 3059 396 3125 fecundae
411 3063 528 3150 segetis
547 3068 670 3128 calcata
690 3063 848 3148 perussit,

95 3168 133 3228 Et
145 3187 214 3230 non
229 3168 371 3232 letiferas
389 3169 545 3252 spirando
558 3172 705 3254 perdidit
720 3191 826 3234 auras.

95 3271 160 3333 Nec
173 3271 314 3352 Superos
328 3282 416 3354 orat,
435 3293 496 3336 nec
514 3285 612 3337 cantu
626 3271 774 3356 supplice
787 3291 912 3352 numen

97 3377 264 3442 Auxiliare
273 3390 385 3462 vocat,
404 3402 464 3444 nec
477 3381 576 3446 fibras
589 3382 648 3447 illa
661 3381 790 3444 litantes

97 3487 210 3550 Novit:
226 3488 377 3552 funereas
396 3492 462 3553 aris
480 3490 651 3574 imponere
667 3493 815 3552 flammas

98 3595 239 3676 Gaudet,
253 3606 285 3658 et
296 3615 431 3659 accenso
447 3595 557 3677 rapuit
574 3614 658 3676 quae
676 3605 748 3660 tura
760 3595 921 3676 sepulcrm

21 3785 22 3796 ἵ
97 3693 206 3766 Omne
221 3704 311 3767 nefas
327 3704 444 3788 Superi
457 3703 566 3786 prima
576 3702 642 3764 iam
657 3721 740 3765 voce
750 3701 914 3784 precantis

21 3851 24 3890 l

22 3891 25 3992 l

97 3811 309 3895 Concedunt,
330 3829 528 3902 carmenque
544 3808 659 3874 timent
669 3808 786 3871 audire
802 3809 993 3874 secundum.
1015 3827 1018 3830 ·

163 3917 282 3978 Lucanus.
369 3916 374 3935 ⁸
767 3924 814 3966 Io·
