2824 4880
320 393 522 456 LIBER
561 391 630 462 IX.
670 399 793 473 atta
980 403 1038 466 223
1127 393 1132 398 ’

68 540 209 619 Aestus,
226 542 258 600 et
271 535 433 600 obnixum
442 536 549 602 victor
563 537 700 602 detrusit
713 539 749 604 iu
766 542 934 606 Austrum.

70 647 142 708 Has
155 645 243 707 vade
259 644 452 727 destituunt,
473 652 571 725 atque
583 645 768 729 interrupta
785 648 953 730 profundo

71 752 178 814 Terra
191 750 266 813 ierit
276 772 423 834 puppes:
443 751 613 834 dubioque
628 752 772 817 obnoxia
785 753 854 817 feto
901 799 905 804 .

71 859 152 928 Pars
168 859 261 919 sedet
276 878 343 920 una
360 858 453 940 ratis,
469 878 545 942 pars
557 861 660 922 altera
673 861 796 942 pendet
809 859 846 922 in
859 859 968 926 undis.

70 963 168 1026 Tun'e
176 963 283 1049 magis
291 963 472 1047 impactum
480 963 637 1028 brevibus
646 983 753 1046 mare,
769 973 920 1046 terraque
929 965 1035 1031 saevit

71 1064 186 1127 Obvia
198 1085 413 1152 consurgens:
434 1067 586 1148 quamvis
605 1067 707 1132 elisus
722 1071 764 1131 ab
776 1055 914 1152 Austro,

70 1172 179 1254 Saepe
193 1181 303 1234 tamen
319 1175 468 1238 cumulos
482 1175 600 1238 fluetus
614 1193 683 1238 non
697 1174 802 1238 vincit
817 1193 947 1239 menae.

69 1278 206 1342 Eminet
218 1277 255 1341 in
272 1289 364 1366 tergo
373 1277 485 1366 pelagi
498 1280 616 1364 procul
634 1277 789 1342 omnibus
805 1279 910 1363 arvis,

68 1382 257 1446 Inviolatus
268 1403 369 1465 aqua,
382 1383 462 1448 sicci
480 1383 549 1446 iam
565 1383 711 1468 pulveris
721 1405 837 1472 agger,

69 1488 166 1550 Stant
179 1487 437 1572 miserineutae,
458 1499 631 1572 terraeque
640 1491 797 1553 haerente
812 1489 925 1554 carina

70 1591 185 1656 Litora
197 1595 292 1658 nulla
303 1593 428 1658 vident.
439 1594 503 1658 ‹Sie
517 1605 646 1678 partem
658 1593 826 1678 intercipit
840 1611 981 1676 aequor,

71 1703 153 1764 Pars
168 1699 291 1764 ratium
300 1699 406 1764 maior
420 1704 570 1791 regimen
583 1705 781 1784 clavumque
792 1715 903 1767 secuta
916 1716 981 1787 est,

70 1805 162 1882 Tuta¹
178 1803 289 1890 fugae,
305 1816 486 1888 nautasque
499 1807 566 1870 loci
582 1806 698 1870 sortita
716 1807 854 1890 peritos,

70 1911 275 1993 Torpentem
293 1912 446 1978 Tritonos
464 1908 534 1977 adit
552 1913 666 1986 illaesa
683 1917 849 1998 paludem.

109 2017 225 2098 Hane,
241 2026 279 2079 ut
291 2017 397 2100 fama,
415 2019 522 2101 Deus,
536 2039 636 2099 quem
647 2028 716 2080 toto
729 2019 826 2082 litore
840 2028 964 2102 pontus

69 2122 173 2186 Audit
189 2135 326 2190 ventosa
341 2127 536 2208 perflantem
548 2145 715 2188 marmora
727 2129 870 2208 eonoha,
970 2131 1031 2210 349

68 2231 167 2294 Hane
176 2241 210 2294 et
222 2233 328 2296 Pallas
338 2241 443 2295 amat:
462 2230 569 2315 patrio
583 2253 669 2313 quae
681 2229 803 2294 vertice
820 2240 899 2294 nata

69 2333 250 2398 Terrarum
257 2335 401 2419 primam
409 2335 539 2418 Libyen
548 2333 648 2420 (nam
660 2334 813 2418 proxima
821 2336 915 2398 coelo
924 2345 990 2420 est,

69 2443 113 2504 Ut
124 2445 245 2526 probat
253 2443 324 2526 ipse
333 2443 446 2528 calor)
458 2443 581 2530 tetigit:
592 2441 767 2528 stagnique
781 2437 892 2520 quieta

69 2548 192 2612 Vultus
203 2548 288 2612 vidit
301 2569 400 2632 aqua,
417 2547 635 2632 posuitquein
648 2543 798 2631 margine
810 2546 955 2629 plantas,

69 2651 109 2715 Et
119 2671 157 2714 se
173 2651 291 2714 dilecta
304 2652 478 2715 Tritonida
494 2653 578 2716 dixit
589 2655 633 2715 ab
648 2654 749 2716 unda

68 2756 181 2839 Quam
197 2753 288 2818 iuxta
302 2758 430 2820 Lethon
449 2758 566 2822 tacitus
581 2758 785 2841 praelabitur
800 2759 920 2842 amnis,

67 2859 226 2942 hiemis,
241 2870 279 2923 ut
291 2861 391 2943 fama,
411 2865 542 2934 trahens
556 2861 680 2924 oblivia
694 2861 807 2939 venis3

66 2965 178 3043 Atque
191 2947 326 3048 insopiti
341 2967 511 3047 quondam
534 2967 635 3028 tutela
651 2964 817 3047 draconis,

66 3071 292 3154 Hesperidum
306 3095 433 3157 pauper
445 3075 604 3157 spoliatus
620 3075 794 3139 frondibus
803 3077 929 3140 hortus.
1010 3147 1014 3160 Ι

66 3178 227 3262 Invidus,
247 3199 373 3244 annoso
386 3181 510 3244 famem
525 3182 583 3264 qui
597 3184 733 3269 derogat
748 3201 851 3267 sevo,

67 3285 139 3369 Qui
157 3295 247 3349 vates
260 3288 303 3348 ad
321 3307 400 3350 vera
416 3298 523 3352 rorat.
537 3289 611 3351 Fuit
623 3309 723 3351 aurea
735 3287 835 3372 silve,
897 3287 901 3299 '

67 3387 270 3469 Divitiisque
284 3372 416 3475 graves,
435 3401 468 3454 et
484 3391 578 3454 fulvo
591 3391 741 3478 germine
757 3392 857 3474 rami,

66 3493 314 3580 Virgineusque
327 3497 465 3576 chorus,
485 3495 584 3561 nitidi
601 3495 749 3558 custodia
769 3493 857 3577 luci,

67 3601 109 3664 Et
122 3619 298 3682 nunquam
310 3620 429 3664 somno
445 3603 619 3664 damnatus
632 3601 761 3663 lumina
772 3591 931 3684 serpens,

66 3710 206 3772 Robora
220 3711 410 3793 complexus
421 3709 522 3772 rutilo
536 3719 671 3773 curvata
690 3709 835 3777 metallo.

68 3815 214 3885 Abstulit
227 3816 399 3884 arboribus
411 3816 572 3903 pretium,
591 3817 786 3898 nemorique
803 3816 958 3915 laborem·
