2824 4880
323 407 527 472 LIBER
566 407 635 472 IX.
675 396 799 492 r.907.¹
985 427 1042 492 241

80 555 214 639 Psyllus
225 555 338 639 habet,
351 556 381 620 si
395 525 469 638 quis
482 567 583 622 tactos
599 577 667 620 non
682 551 815 622 horruit
826 546 966 646 angues,
990 581 994 586 ’
1048 567 1057 601 ·‘

79 665 112 730 Si
127 665 205 746 quis
220 664 347 732 donatis
363 665 443 728 lusit
460 664 667 748 serpentibus
681 666 801 729 infans.

79 775 147 835 Nee
163 773 272 836 solum
288 791 369 856 gens
384 769 443 832 illa
455 789 514 864 sua
532 779 684 832 contenta
694 771 837 858 salute,

78 881 230 942 Excubat
243 877 444 960 hospitibus,
454 885 635 956 contraque
646 876 800 940 nocentia
817 885 965 944 monstra

78 987 214 1068 Psyllus
228 985 319 1044 adest
329 970 472 1064 popdlis.
487 981 554 1066 Qui
570 991 647 1044 tunc
657 983 809 1044 Romana
821 994 953 1052 secutus

78 1090 199 1176 Signa,
215 1087 313 1150 simul
326 1087 420 1150 iussit
432 1087 532 1150 statui
546 1085 687 1148 tentoria
702 1079 837 1169 ductor,
854 1089 856 1093 '

78 1198 232 1267 Primum
246 1214 326 1275 quas
340 1193 421 1255 valli
433 1192 575 1274 spatium
589 1191 796 1274 comprendit
813 1209 930 1258 arenas

78 1303 250 1386 Expurgat
266 1305 378 1377 cantu,
392 1295 565 1376 verbisque
580 1276 771 1380 fugantibus
785 1315 927 1383 angues:
941 1305 943 1316 “

78 1403 209 1466 Ultima
225 1411 407 1464 castrorum
422 1401 603 1463 medicatus
620 1399 736 1462 circuit
749 1400 845 1486 ignis.
884 1443 904 1466 ν,
934 1481 937 1488 ,
967 1463 971 1470 ,

78 1509 146 1571 Hic
160 1510 296 1571 ebulum
310 1507 440 1588 stridet,
451 1507 691 1594 peregrinaque
702 1510 846 1594 galbana
858 1511 991 1593 sudant,

79 1614 120 1674 Et
140 1611 280 1680 tamarix
296 1631 365 1674 non
383 1613 468 1674 laeta
485 1611 601 1694 comis,
620 1615 753 1694 anque
770 1623 891 1697 costos,
975 1659 999 1668 ..
1030 1671 1040 1688 ,

79 1720 120 1780 Et
135 1735 283 1800 panacea
297 1727 429 1800 potens,
446 1727 479 1778 et
488 1719 643 1782 Thessala
657 1728 853 1798 centaurea3

79 1828 475 1906 Peucedanonquesonat
486 1825 641 1909 flammis,
654 1827 864 1911 Erycinaque
877 1832 1025 1918 thapsos,
1040 1857 1046 1886 ·.
1143 1814 1147 1824 ’

78 1935 121 1994 Et
137 1931 272 2014 larices,
285 1932 444 2011 fumoque
456 1951 591 2018 gravem
606 1933 812 2016 serpentibus
828 1949 929 2000 urunt
1040 1981 1044 2004 ,1

78 2040 307 2120 Abrotonum,
321 2045 353 2099 et
369 2038 468 2122 longe
484 2037 648 2101 nascentis
664 2057 790 2100 cornua
806 2041 904 2102 cervi.

78 2144 134 2208 Sic
151 2163 219 2206 nox
232 2152 301 2204 tuta
316 2141 407 2215 yiris.
426 2144 467 2202 At
481 2140 509 2215 si
524 2139 597 2222 quis
609 2152 700 2223 peste
718 2143 840 2207 diurna
934 2199 940 2208 ,.
981 2169 1040 2232 92²

78 2253 162 2312 Fata
175 2248 291 2330 trahit,
308 2257 386 2310 tunc
398 2254 477 2310 sunt
492 2244 649 2331 magicae
659 2247 820 2312 miracula
832 2250 957 2340 gentis,

79 2359 339 2440 Psyllorumque
354 2355 471 2440 ingens
484 2364 517 2418 et
534 2354 621 2440 rapti
636 2375 750 2443 pugna
765 2341 896 2422 veneni.

78 2468 166 2526 Nam
182 2463 328 2546 primum
342 2471 428 2524 tacta
443 2460 592 2546 designat
607 2466 757 2525 membra
770 2463 890 2547 saliva,

80 2573 177 2656 Quae
191 2569 322 2632 cohibet
332 2567 441 2648 virus,
456 2565 642 2645 retinetque
655 2566 692 2627 in
704 2551 843 2630 vulnere
858 2577 994 2650 pestem.
1018 2585 1021 2590 “

78 2672 230 2735 Plurima
242 2682 313 2735 tum
325 2670 430 2734 volvit
441 2670 610 2752 spumanti
622 2667 770 2733 carmina
785 2671 919 2757 lingua,
942 2703 945 2708 ¹
1006 2715 1008 2719 -

79 2784 255 2844 Murmure
269 2777 443 2860 continu0,
459 2773 520 2840 nec
536 2779 593 2840 dat
608 2777 748 2858 suspiria
763 2799 876 2842 cursus

10 2971 11 2978 ἵ
78 2890 255 2973 Vulneris,
266 2900 322 2952 aut
334 2889 513 2951 minimum
526 2887 699 2970 patiuntur
711 2888 777 2951 fata
794 2897 911 2953 tacere.
926 2879 928 2886 ¹

79 2998 186 3078 Saepe
203 2995 338 3075 quidem
352 2994 452 3077 pestis
467 2993 570 3081 nigris
584 2993 707 3056 inserta
720 2995 876 3060 medullis

80 3099 262 3161 Excantata
273 3097 376 3184 fugit:
392 3101 450 3162 sed
462 3097 598 3178 siquod
613 3097 738 3160 tardius
754 3099 847 3160 audit

79 3199 197 3282 virm,
210 3209 241 3262 et
257 3199 420 3280 elicitum,
434 3199 625 3279 iussumque
642 3199 732 3270 exire
744 3208 924 3286 repugnem

79 3305 178 3365 Tunc
193 3303 487 3386 superincumbens
505 3301 664 3384 pallentia
675 3303 815 3366 vulnera
832 3304 965 3390 lambit,
992 3329 995 3334 ¹
1102 3381 1103 3384 Ἴ

82 3411 154 3472 Ore
164 3427 291 3472 venena
305 3411 449 3490 trahens,
464 3418 496 3470 et
507 3409 606 3470 siccat
616 3407 770 3471 dentibus
785 3419 889 3491 artus,
978 3460 983 3468 .

80 3517 335 3595 Extractamque
351 3510 464 3576 tenens
478 3513 590 3598 gelido
607 3515 648 3576 de
664 3533 802 3595 corpore
812 3524 953 3580 mortem
979 3531 981 3536 ’

81 3619 238 3702 Exspuit:
250 3623 282 3682 e't
298 3618 391 3682 ouius
403 3637 531 3680 morsus
544 3617 748 3700 superaverit
763 3620 899 3704 anguis,
953 3661 955 3664 -
1023 3637 1032 3664 <

82 3724 156 3783 Iam
171 3731 340 3802 promtum
351 3719 471 3803 Psyllis
482 3721 535 3782 vel
548 3726 646 3804 gustu
663 3737 757 3782 nosse
766 3721 896 3784 veneni.
924 3725 945 3744 '‘
1004 3719 1006 3728 ’

81 3829 158 3891 Hoc
173 3825 276 3911 igitur
288 3826 394 3892 levior
409 3828 542 3892 tandem
553 3827 704 3892 Romana
715 3826 870 3894 iuventus

150 3933 272 3990 Lucanus.
396 3953 399 3959 ·
625 3961 629 3970 ·
755 3975 759 3982 .
817 3925 865 3983 16.
