2852 4878
364 346 403 426 ὴ
623 352 1067 422 runnsnntlr
1162 358 1287 436 mn.

361 506 536 574 Traximus
547 503 744 590 imperium,
759 493 927 568 tuncrum
940 504 1025 568 mihi
1040 507 1162 568 Rostra
1177 513 1291 570 tenere

361 617 520 698 luserat,
533 623 567 678 et
584 611 704 676 dubios
720 611 758 675 in
774 622 807 674 te
823 611 1177 698 transferre'Quirites.

360 721 427 784 Sed
441 718 615 802 postquam
631 719 722 804 leges
741 719 832 782 bello
849 718 972 782 siluere
992 729 1141 801 ooactae,

361 827 523 894 Pellimur
537 849 557 890 e
569 827 686 911 patriis
704 827 844 909 laribus,
863 827 1078 910 patimurque
1091 828 1241 891 volentes

361 933 543 998 Exsilium:
557 943 614 995 tua
627 951 688 996 nos
705 931 805 995 faciat
821 931 962 996 victoria
976 931 1074 995 cives.

361 1041 453 1104 Dum
473 1036 639 1120 trepidant
657 1037 753 1100 nullo
763 1034 913 1100 firmatae
932 1037 1053 1099 robore
1068 1045 1198 1118 partes,

237 1153 242 1164 '
361 1145 458 1208 Tolle
475 1163 603 1208 moras:
616 1157 748 1226 semper
763 1141 879 1205 noouit
898 1137 1034 1204 differre
1051 1141 1186 1224 paratis.

290 1253 306 1300 ·'
362 1251 428 1313 Par
440 1250 537 1312 labor
550 1257 650 1332 atque
665 1257 772 1310 metus
790 1245 898 1330 pretio
914 1246 1043 1310 maiore
1058 1255 1231 1330 petuntur.
1258 1293 1259 1298 η

363 1353 547 1417 Bellantem
564 1351 706 1442 geminis
728 1351 835 1416 tenuit
851 1361 883 1415 te
897 1351 1007 1416 Gallia
1021 1351 1149 1435 lustris,
1255 1366 1260 1376 ‘

363 1459 444 1520 Pars
461 1463 563 1537 quota
581 1458 763 1520 terrarum?
776 1455 866 1520 facili
877 1457 907 1520 si
919 1456 1050 1541 proelia
1059 1477 1167 1540 panea

364 1560 509 1625 Gesseris
524 1571 644 1626 eventu
651 1591 669 1644 ,·
681 1561 742 1626 tibi
752 1565 861 1630 Roma
872 1563 1041 1650 subegerit
1059 1567 1185 1628 orbem.

363 1668 462 1728 Nune
473 1685 582 1746 neque
596 1673 627 1728 te
638 1665 948 1754 longi¹.remeantem
966 1687 1092 1750 pompa
1106 1665 1271 1749 triumphi

363 1771 512 1856 Excipit,
528 1781 586 1836 aut
603 1791 711 1838 sacras
730 1765 871 1857 poscunt
890 1773 1057 1859 Capitolia
1068 1775 1198 1836 lauros:
1298 1775 1303 1786 ’

233 1891 237 1900 ’
277 1923 280 1928 -
363 1877 559 1941 livoredax
576 1877 637 1942 tibi
647 1889 767 1943 cuneta
782 1889 903 1966 negat3
924 1880 1103 1967 gentesque
1115 1881 1267 1942 subactas

338 2049 342 2054 ,
364 1983 433 2050 vix
443 1983 582 2069 impune
598 1987 699 2052 feres:
712 2007 864 2068 socerum
880 1989 1048 2072 depellere
1064 2007 1170 2074 ‚regno

363 2093 542 2156 Decretum
552 2101 601 2156 est
609 2113 744 2178 genero.
764 2092 884 2156 Partiri
895 2111 965 2156 non
978 2102 1072 2177 potes
1089 2095 1225 2156 orbem:
1270 2073 1346 2173 ²9⁰⁵*

363 2204 462 2266 Solus
474 2203 598 2263 habere
611 2211 713 2283 potes.
732 2199 786 2262 Sie
801 2209 978 2282 postquam
995 2199 1096 2282 fatus,
1114 2207 1146 2261 el
1163 2195 1228 2281 ipsi

364 2306 407 2370 In
417 2303 546 2368 bellum
560 2321 669 2402 prpno
685 2311 814 2364 tantum
829 2311 941 2376 temen
959 2301 1089 2377 addidit
1104 2300 1189 2382 irae,

365 2409 596 2490 Accenditque
604 2410 742 2492 ducem,
762 2395 925 2490 qnantum
940 2411 1087 2472 clamore
1104 2405 1237 2470 iuvatur
1303 2461 1312 2478 ,

365 2519 465 2582 Eleus
478 2516 631 2600 sonipes,
646 2513 799 2598 quemvis
812 2515 881 2578 iam
895 2535 1025 2578 earcere
1039 2517 1153 2580 eleuso

363 2625 542 2692 Immineat
562 2623 706 2704 foribus,
721 2641 915 2704 pronusque
932 2621 1094 2705 repagula
1112 2621 1210 2680 laxet.

366 2735 538 2797 Convocat
552 2739 696 2794 armatos
713 2730 880 2811 extemplo
899 2730 942 2792 ad
954 2727 1049 2814 signa
1060 2725 1241 2810 maniplos3

366 2836 477 2916 thue
486 2834 564 2898 satis
578 2833 764 2924 trepidum,
787 2836 884 2896 turba
900 2839 1059 2915 coeunte,
1078 2834 1259 2896 tumultum

368 2939 579 3024 Composuit,
594 2943 689 3004 vultu
700 2943 883 3023 dextraque
895 2941 1025 3004 silentis
1038 2941 1152 3005 iussit:

367 3044 537 3106 Bellorum
553 3063 577 3106 o
594 3043 690 3128 socii,
709 3045 769 3126 qui
781 3045 874 3108 mille
887 3045 1035 3128 pericula
1048 3045 1163 3110 Martis

368 3153 520 3234 Mecum,
539 3152 604 3236 ait,
617 3153 759 3238 experti,
775 3154 905 3217 decimo
924 3155 992 3218 iam
1005 3155 1137 3219 vincitis
1153 3173 1263 3236 anno,

369 3257 444 3320 Hor
459 3279 557 3322 cruor
570 3260 699 3324 Arctois
712 3259 834 3325 meruit
850 3257 990 3326 diffissus
1008 3262 1045 3325 in
1061 3262 1166 3344 srvis,

368 3364 599 3450 Vulneraque,
610 3375 643 3430 et
649 3375 788 3450 mortes„
801 3367 994 3450 hiemesque
1003 3371 1065 3432 sub
1071 3369 1210 3453 Alpibus
1221 3373 1344 3436 actae?

369 3475 447 3536 Non
463 3487 557 3538 secus
574 3473 705 3561 ingenti
724 3475 891 3538 bellorum
906 3477 1015 3538 Roma
1028 3479 1171 3540 tumultu

323 3601 326 3608 ·
370 3577 580 3661 concutitur,
596 3598 698 3658 quam
713 3577 742 3640 si
755 3580 884 3640 Poenus
898 3581 1144 3644 transcenderet
1154 3581 1256 3664 Alpes

322 3691 323 3695 ’
371 3678 554 3742 Hannibal.
571 3679 757 3761 Implentur
767 3681 881 3744 valido
895 3681 1004 3745 tirone
1017 3684 1182 3746 cohortes:

371 3789 412 3850 ln
425 3785 563 3851 classem
578 3784 666 3850 radit
677 3773 777 3852 omne
790 3809 926 3856 nemus:
939 3793 1094 3871 terraque
1100 3789 1255 3873 marique
