2824 4880
343 389 404 454 aod
607 377 1050 448 PHARSALIAE
1144 383 1273 465 nqis.

341 531 456 609 Teque
468 525 587 610 pudet,
603 523 725 608 sparsis
738 521 891 605 Pompeii
897 520 1075 622 panibus,
1093 521 1159 584 uri.

303 705 306 710 ,
341 635 396 700 Sic
412 635 517 698 latur:
531 634 716 716 plenusque
735 629 827 694 sium
844 631 982 692 ardente
997 629 1112 692 favilla

342 743 497 808 Pervolat
512 741 555 802 ad
574 747 743 816 truncum,
760 735 819 816 qui
835 737 1063 817 fluctu-paene
1076 734 1200 798 relatus

343 843 454 907 Litore
468 841 644 925 pendebat.
657 839 809 903 Summas
825 835 966 900 dimovit
979 856 1112 920 arenas,

342 951 384 1013 Et
398 951 536 1014 collecta
551 947 668 1030 procul
679 946 808 1008 lacerae
823 943 1011 1029 fragmenta
1030 943 1161 1008 carinae

343 1056 474 1142 Exigua
492 1054 638 1138 trepidus
654 1053 766 1135 posuit
784 1056 894 1116 scobe.
912 1053 1033 1116 Nobile
1049 1073 1170 1136 corpus

343 1163 480 1224 Robora
495 1161 590 1224 nulla
600 1167 771 1242 premunt,
789 1161 883 1222 nulla
901 1168 991 1222 strue
1011 1162 1163 1224 membra
1177 1179 1234 1222 re·
1262 1189 1265 1196 ·

904 1264 1080 1328 cumbunt:

344 1370 505 1434 Admotus
516 1369 698 1452 Magnum,
718 1383 789 1426 non
805 1361 970 1450 subditus,
983 1367 1103 1450 accipit
1115 1365 1212 1454 ignis·

343 1474 407 1538 Ille
416 1474 532 1536 sedens
548 1469 639 1532 iuxta
653 1471 818 1551 dammas,
830 1470 863 1532 0
872 1469 1032 1554 maxime,
1043 1471 1146 1555 dixit,

344 1581 490 1660 Ductor,
509 1586 540 1640 et
550 1574 705 1660 Hesperii
722 1574 876 1640 maiestas
893 1577 1040 1640 nominis
1051 1587 1137 1660 un'a,

344 1685 380 1748 Si
393 1675 454 1748 tibi
467 1682 587 1748 iactatu
604 1681 735 1768 pelagi,
752 1681 781 1746 si
793 1681 911 1746 funere
925 1686 1020 1748 nullo

344 1791 485 1855 Tristior
495 1790 556 1852 iste
569 1771 686 1876 rogus,
707 1809 821 1854 manes
839 1789 1053 1873 animamque
1064 1801 1235 1878 potentem

347 1897 473 1966 Officiis
488 1908 601 1976 averte
618 1897 715 1962 meis:
734 1897 855 1960 iniuria
871 1899 931 1962 fati

344 2009 420 2074 Hoc
433 2005 483 2070 ias
496 2023 565 2069 esse
577 2002 687 2081 iubet3
706 2025 749 2068 ne
762 1999 859 2087 ponti
873 2005 986 2068 bellua
1001 2005 1206 2091 quidquam,

344 2113 395 2176 Ne
412 2109 499 2192 iera,
512 2129 555 2172 ne
576 2090 743 2190 uolucres,
764 2129 807 2171 ne
816 2107 907 2174 saevi
916 2109 1069 2173 Caesaris
1078 2110 1133 2172 ira
1253 2112 1316 2193 765

344 2222 488 2302 Audeat,
504 2219 677 2306 exiguam,
693 2230 855 2302 quranturn
870 2229 979 2302 potes,
993 2219 1107 2304 accipe
1124 2223 1318 2306 flammam,

346 2329 499 2390 Romana
515 2345 670 2388 succense
687 2327 962 2389 mandibulam
978 2346 1128 2390 recursus

346 2434 381 2498 Si
393 2435 449 2497 det
464 2432 501 2496 in
517 2432 730 2517 Hesperiam,
744 2453 813 2496 non
830 2430 943 2496 bacin
956 2433 1034 2496 sede
1050 2430 1240 2512 quiescent.

346 2542 430 2607 Tam
441 2541 528 2608 sacri
540 2541 680 2606 cineres:
697 2543 756 2606 sed
774 2551 805 2604 te
821 2538 993 2708 Cornqp'a,
1009 2540 1148 2624 Magne,

346 2648 513 2732 Accipiet,
533 2657 712 2728 nostraque
721 2665 824 2712 mauu
841 2638 931 2712 trans'
946 2647 1048 2710 undet
1063 2645 1103 2709 in-
1119 2667 1255 2711 urnam.

345 2755 478 2818 interea
496 2774 602 2836 parvo
615 2752 783 2838 signemus
800 2751 898 2816 litora
913 2771 1010 2834 saxo,

347 2868 393 2928 Ut
407 2873 488 2929 nota
499 2861 542 2928 sit
557 2862 658 2927 busti:
684 2861 713 2927 si
730 2861 804 2942 quis
817 2863 950 2944 placare
970 2863 1157 2944 peremtum

347 2973 446 3038 Forte
457 2973 560 3052 volet,
576 2971 695 3054 plenos
714 2981 747 3032 et
767 2971 905 3034 reddere
923 2969 1039 3033 mortis
1054 2971 1219 3047 bouores;

346 3081 502 3146 Inveniat
517 3079 625 3143 trunci
639 3079 781 3161 cineres,
797 3088 829 3142 et
847 3081 936 3143 norit
951 3049 1086 3160 aleuas,

348 3188 400 3250 Ad
410 3207 511 3266 quas,
520 3189 656 3270 Magne,
672 3195 766 3246 tuum
775 3183 1011 3266 reseratcaput.
1020 3184 1111 3246 llaec
1124 3183 1183 3246 ubi
1193 3183 1296 3266 fatuo,

348 3290 477 3352 Excitat
489 3287 653 3354 invalidas
668 3293 803 3352 admoto
822 3290 940 3352 fomite
954 3292 1112 3353 flammas.

350 3394 518 3476 Carpitur,
541 3405 573 3457 et
584 3396 713 3458 lentum
727 3397 867 3480 Magnus
880 3393 1024 3458 destillat
1035 3394 1073 3456 in
1089 3394 1219 3479 ignem,

349 3500 440 3561 Tabe
450 3500 566 3563 fovens
576 3503 719 3566 bustum.
740 3501 805 3562 Sed
820 3499 888 3564 iarn
901 3503 1104 3584 percusserat
1119 3514 1206 3566 astra

349 3608 498 3668 Aurorae
514 3606 675 3688 promissa
689 3606 776 3668 dies:
790 3606 864 3689 ille,
881 3608 1000 3672 ordine
1013 3619 1112 3691 rupto

350 3713 505 3793 Funeris,
520 3716 682 3778 attonitus
690 3718 831 3779 latebras
849 3716 885 3778 in
902 3716 1000 3780 litore
1016 3718 1155 3799 quaerit.

351 3825 459 3907 Quam
473 3825 609 3908 metuis,
624 3828 774 3910 demens,
794 3827 857 3891 isto
874 3819 1095 3910 pro'crimiue
1112 3845 1272 3912 poenam,
