2824 4880
1010 83 1028 114 0

346 369 408 418 ιω
609 307 1270 426 ruras'rsrre'mu.
1381 351 1382 392 t

344 496 421 560 Non
439 494 575 560 coeunte
597 510 728 572 semper
742 497 885 574 metuet,
903 511 1004 574 quem
1016 509 1115 554 saeva
1130 463 1310 574 pudeburit.

342 599 421 660 Non
434 597 572 680 impune
591 605 664 659 tuos
683 597 826 679 Magnus
842 595 1054 660 oontemserit
1065 616 1188 675 annes,
1255 655 1257 660 .

346 703 415 788 Qui
430 713 462 770 te
475 724 536 765 nee
553 701 658 766 victos
678 720 790 763 meere
806 703 849 764 ab
862 699 961 767 litore
976 711 1091 769 nostre

344 807 443 870 Posse
454 815 559 888 putat.
575 807 646 868 Neu
662 814 694 868 te
711 804 850 890 sceptris
862 803 1044 887 privaverit
1061 805 1182 886 hospes
1191 849 1202 886 ,

344 909 491 996 Pignora
500 920 577 974 sunt
586 909 746 994 propiora
758 909 837 989 tibi3
854 909 1040 994 Nilonque,
1053 912 1267 993 Pharonque,

344 1011 380 1078 Si
393 1033 534 1100 regnare
547 1013 652 1100 piget,
668 1015 845 1079 damnatae
864 1016 967 1082 redde
983 1013 1100 1080 sorori.

343 1118 535 1202 Aegyptum
552 1129 639 1186 oerte
657 1118 759 1186 Latiis
775 1129 927 1186 tueamur
937 1120 980 1184 ab
995 1117 1106 1182 armis.

343 1223 519 1312 Quidquid
531 1244 599 1286 non
613 1224 713 1288 fuerit
725 1224 859 1312 Magni,
875 1227 955 1288 dum
969 1225 1058 1288 bella
1072 1231 1251 1310 geruntur,

342 1329 413 1394 Nee
429 1328 564 1394 victoris
577 1328 649 1394 erit.
669 1332 757 1398 Toto
769 1329 838 1397 iam
855 1331 969 1416 pulsus
989 1333 1031 1396 ab
1048 1331 1146 1413 orbe,
1163 1369 1166 1376 -

342 1439 523 1528 Postquam
539 1442 634 1506 nulla
650 1452 763 1510 manet
778 1464 890 1511 rerunt
903 1441 1043 1524 fiduuia,
1060 1441 1191 1522 quaerit

343 1549 429 1613 Cum
446 1569 513 1635 qua
524 1558 623 1636 gente
635 1553 749 1618 eadat:
764 1552 894 1635 rapitur
908 1550 1062 1613 civilibus
1075 1547 1212 1610 umbris.

342 1651 412 1717 Nee
423 1653 530 1722 soceri
540 1665 668 1718 tantum
680 1658 772 1718 a‘rrna
782 1654 886 1740 ipgit:
905 1653 990 1740 fugit
1001 1673 1061 1720 ora
1074 1653 1227 1734 Senatus,

321 1777 325 1806 ¹
341 1757 445 1822 Cuius
459 1759 663 1828 Thessalicas
676 1769 802 1828 saturat
821 1779 897 1842 pars
913 1779 1035 1846 magna
1048 1761 1211 1823 volucres.

286 1936 292 1945 Ι
338 1864 382 1926 Et
393 1863 511 1931 metuit
522 1875 651 1950 gentes,
664 1888 745 1950 quas
762 1887 831 1931 uno
844 1865 880 1932 in
893 1865 1055 1952 sanguine
1068 1864 1187 1931 mixtas

339 1967 511 2034 Deseruit:
529 1991 688 2058 regesque
699 1971 806 2052 timet,
826 1990 970 2052 quorum
980 1969 1097 2034 omnia
1109 1969 1241 2036 mersits

340 2073 597 2162 Thessaliaeque
610 2097 702 2158 reus,
716 2078 810 2140 nulla
824 2077 944 2142 tellure
957 2086 1126 2164 receptus,
1248 2075 1298 2138 510

340 2179 502 2249 Sollicitat
519 2195 687 2266 nostrum,
699 2204 800 2265 quem
817 2186 969 2250 nondum
982 2183 1145 2267 perdidit,
1159 2186 1281 2249 orbem.

339 2284 462 2348 Iustior
470 2286 507 2348 in
523 2291 686 2374 Magnum
704 2289 801 2352 nobis
810 2335 820 2372 ,
836 2291 1038 2370 ptolemaee,
1052 2293 1210 2370 querelae
1286 2317 1291 2330 ·

342 2383 451 2455 Causa
462 2393 538 2455 data
548 2403 605 2458 est.
627 2393 716 2480 Quid
729 2395 922 2480 sepositam,
937 2418 1132 2480 semperque
1145 2397 1298 2480 quietam,
1371 2457 1384 2484 ἡ,

339 2495 486 2582 Crimine
499 2501 665 2571 bellorum
679 2505 826 2572 maculas
837 2505 986 2587 Pharon,
1004 2523 1150 2588 arvaque
1161 2513 1270 2570 nostre
1383 2481 1384 2504 ³

338 2601 468 2667 Victori
482 2617 632 2690 suspecta
651 2609 754 2674 facist
768 2633 827 2674 our
843 2614 914 2674 sola
928 2611 1059 2679 cadenti

336 2705 431 2770 Hace
442 2708 567 2790 placuit
581 2711 693 2792 tellus,
712 2689 749 2774 iri
769 2733 871 2793 quam
888 2713 1076 2778 Pharsalica
1094 2715 1163 2778 fata

337 2813 532 2897 conferres,
545 2835 735 2900 poenasque
754 2820 848 2884 tuas?
862 2818 930 2883 iam
943 2819 1069 2884 crimen
1079 2823 1241 2887 habemus

334 2919 550 3006 Purgandum
561 2922 692 3008 gladios
712 2927 804 3007 quod
817 2925 914 2989 nobis
927 2937 1053 3009 secptra
1063 2929 1221 3014 Senatus,

333 3018 381 3087 Te
397 3023 576 3106 suadente,
595 3026 702 3108 dedit,
716 3028 803 3092 votis
820 3040 876 3091 tua
889 3030 1032 3095 fovimus
1044 3051 1148 3100 arma..

330 3121 406 3185 Hoc
419 3122 544 3194 serrum
552 3171 562 3206 ,
576 3132 668 3208 quod
681 3125 754 3194 fata'
764 3132 881 3204 iubent
892 3134 1059 3218 proferre,
1079 3135 1199 3218 paravi

329 3223 405 3286 Non
421 3224 497 3310 tihi,
510 3231 570 3290 sed
582 3230 681 3298 vieto.
696 3225 827 3304 Feriam
838 3247 894 3304 tua
905 3238 1047 3322 viscera,
1060 3242 1202 3324 Magne,

328 3330 514 3404 Malueram
527 3337 651 3400 soceri:
670 3341 837 3427 rapimur,
852 3365 920 3427 quo
932 3357 1050 3410 cuneta
1065 3348 1227 3415 feruutur.

331 3435 423 3499 Tene
435 3441 519 3505 mihi
535 3443 667 3512 dubitas
682 3467 725 3516 an
739 3447 782 3512 sit
796 3448 924 3514 violare
944 3471 1075 3516 neeesse
1086 3478 1109 3536 ,·
1130 3509 1132 3516 ,
1170 3503 1171 3508 ,
1243 3493 1247 3501 ·

333 3545 419 3606 Cum
431 3544 549 3614 liceat?
566 3571 651 3632 quae
665 3563 698 3617 te
716 3556 821 3620 nostri
841 3555 963 3622 fiduoia
975 3559 1071 3645 regui

332 3651 409 3717 Huc
422 3651 507 3737 agit,
524 3653 662 3720 infelix?
676 3665 840 3744 populum
855 3685 925 3728 nou
945 3664 1052 3729 cernis
1068 3663 1243 3749 inermem,

333 3758 486 3850 Arvaque
500 3762 556 3833 vix
573 3767 692 3859 refugo
710 3771 893 3841 fodientem
905 3773 1023 3845 mollia
1034 3773 1132 3844 Nilo?
1217 3863 1219 3865 ,
