2790 4874
392 383 450 454 ιιι
645 365 1089 444 rusasamru
1202 352 1302 461 2492

388 539 464 622 Ipsa
479 533 571 598 ducis
585 531 746 614 queritur,
760 543 949 617 magnoque
962 541 1098 594 accenso
1112 533 1256 596 tumultu

389 635 506 708 Mortis
515 639 644 702 vicinae
659 648 872 720 properantes
888 637 1042 700 admovet
1057 639 1167 700 horas.

390 749 473 816 Dira
485 751 573 814 subit
586 749 710 812 rubim:
723 767 782 811 sua
799 747 955 828 quisque,
970 759 1009 810 ao'
1020 745 1154 830 publiea
1167 748 1235 810 fata

391 851 611 934 Praecipitare
625 850 734 935 cupit:
749 851 858 938 segnis
870 851 1076 934 pavidusque
1085 861 1238 932 vocatur,

391 959 439 1020 Ac
455 953 596 1017 nimium
609 954 738 1036 patiens
750 953 856 1018 soceri
871 955 1063 1036 Pompeius,
1080 965 1112 1017 et
1126 955 1217 1018 orbis

391 1061 573 1146 Indulgens
591 1048 709 1146 regno,
722 1059 781 1140 qui
799 1069 846 1122 tot
857 1061 956 1122 simul
970 1059 1118 1140 undique
1128 1068 1244 1145 gentes

392 1161 478 1225 Iuris
494 1165 616 1246 habere
632 1161 684 1226 sui
699 1163 814 1244 vellet,
828 1175 1011 1245 pacemque
1031 1161 1169 1226 timeret.

393 1271 544 1334 Necnon
562 1282 594 1332 et
612 1291 720 1356 reges,
736 1271 919 1352 populique
938 1275 1122 1351 queruntur
1138 1268 1201 1332 Eoi

393 1377 485 1440 Bella
502 1375 604 1458 trahi,
617 1374 788 1458 patriaque
803 1377 920 1457 procul
938 1377 1054 1437 tellure
1068 1375 1184 1438 teneri.

395 1482 469 1544 Hoc
487 1481 609 1560 placet,
623 1499 644 1541 o
656 1479 789 1562 Superi,
803 1501 879 1542 cum
893 1480 988 1544 rolris
1006 1489 1133 1542 vertere
1149 1453 1264 1545 cuncta·

396 1582 618 1664 Propositum,
639 1582 756 1646 nostris
771 1584 938 1646 erroribus
948 1587 1077 1646 addere
1088 1583 1225 1646 crimen.

397 1685 556 1750 Cladibus
572 1684 744 1770 irruimus,
755 1687 971 1768 nocituraque
984 1687 1148 1772 poscimus
1163 1705 1270 1747 arma:
1385 1717 1386 1744 ι

396 1795 468 1856 Iam
484 1795 694 1877 Pompeianis
706 1799 821 1858 volum
837 1805 885 1859 est
898 1795 1065 1860 Pharsalia
1083 1791 1206 1856 castris.

398 1903 602 1964 Cunctorum
618 1921 713 1964 voces
727 1901 870 1964 Romani
890 1900 1054 1963 maximus
1073 1908 1188 1960 auctor

397 2005 528 2070 Tullius
540 2005 683 2089 eloquii,
702 2006 794 2070 euius
806 2009 867 2070 sub
881 2006 953 2068 iore
976 2015 1119 2090 togaque

398 2109 554 2178 Pacificas
571 2131 687 2175 saevus
700 2111 834 2175 tremuit
845 2111 986 2176 Catilina
1002 2129 1145 2191 secures,
1312 2110 1345 2182 64
1385 2093 1386 2164 ἶ

399 2215 552 2296 Pertulit,
567 2213 671 2278 iratus
682 2213 792 2296 bellis,
810 2235 886 2276 oum
898 2223 1003 2276 rostra
1020 2212 1196 2292 forumque
1385 2215 1386 2220 ’

401 2321 557 2402 Optaret,
574 2337 688 2400 passus
705 2328 772 2380 tam
784 2319 885 2402 longa
899 2315 1031 2380 silentia
1046 2315 1152 2380 miles.

401 2423 537 2487 Addidit
551 2422 717 2486 invalidae
734 2425 837 2486 robur
849 2421 1005 2485 facundia
1024 2441 1148 2484 causae.
1385 2501 1386 2516 χ

409 2581 413 2594 .
442 2532 516 2593 Hoc
530 2549 593 2614 pro
609 2514 797 2592 tot'meritis
808 2529 918 2592 solum
939 2529 1138 2611 refulagnc,
1151 2531 1317 2609 precatur,
1385 2543 1386 2576 r

402 2636 461 2698 Uti
475 2657 526 2718 se,
539 2639 701 2716 Fortuna5
711 2635 810 2711 relisa
825 2645 1042 2716 prooeresque
1058 2643 1191 2694 tuorum
1385 2605 1386 2626 Χ

405 2744 611 2821 Castrorum,
627 2753 786 2825 regesque·
798 2739 845 2800 tui
866 2759 941 2802 curn
954 2737 1103 2820 supplies
1114 2737 1241 2798 mundo

404 2840 535 2920 Adfusi‚
552 2840 640 2902 vinei
653 2860 804 2904 socerum
815 2840 939 2922 patiare
956 2859 1120 2925 rogamus.

404 2945 553 3006 Humani
566 2945 696 3030 generis
713 2955 780 3008 tam
797 2946 900 3029 longo
915 2954 1063 3027 tempore
1081 2943 1211 3006 bellum

363 3105 368 3109 .
406 3049 621 3112 Caesarerit?
634 3049 751 3113 merito
758 3049 1120 3131 ,Pompeiumvincere
1133 3049 1236 3128 lente,

407 3157 583 3238 Gentibus,
595 3155 771 3242 indiguum
785 3167 848 3237 est,
860 3175 881 3220 a
898 3163 1137 3226 transcurrente
1149 3150 1302 3220 subactis

407 3265 484 3348 Quo
499 3263 560 3325 tibi
573 3265 682 3326 fervor
692 3264 782 3326 abit?
795 3273 852 3326 aut
865 3283 932 3343 quo
949 3261 1070 3324 fiducia
1084 3259 1166 3323 sarit
1385 3321 1386 3372 1

408 3371 458 3432 De
472 3369 621 3451 Superis,¹
634 3369 777 3453 ingrate,
793 3367 909 3430 times?
924 3385 1120 3444 causamque
1136 3364 1275 3430 Senatus

409 3473 550 3535 Credere
562 3467 621 3536 Dis
632 3471 805 3536 dubitas?
795 3483 885 3554 ipsae
898 3491 958 3534 sua
971 3470 1064 3556 signa
1079 3469 1256 3550 revellent,

409 3577 649 3658 Prosilientque
661 3577 756 3640 acies.
775 3578 899 3638 Pudeat
909 3574 1023 3637 vicisse
1038 3583 1198 3636 coactum.

410 3677 445 3740 Si
458 3678 541 3740 duee
557 3689 588 3740 te
603 3679 709 3762 iusso,
722 3701 750 3742 sr
740 3678 859 3742 nobis
872 3679 959 3740 bella
977 3687 1149 3762 geruntur,

410 3781 480 3844 Sit
470 3783 550 3848 ruris
567 3803 765 3864 quocunque
776 3786 879 3848 velint
892 3799 1086 3860 concurrere
1097 3789 1232 3866 campo.
