2824 4880
267 374 598 446 rxxnsamxa
622 385 712 448 ΜΒ.
731 387 771 450 x.
792 407 825 450 v.
848 407 895 470 ιφ.
1002 406 1060 472 249

100 520 245 585 Circuit:
261 533 294 586 et
305 525 400 586 nulla
413 533 526 607 captus
544 525 719 590 dulcedine
731 547 868 610 rerum,

99 632 174 691 Non
187 649 285 712 auro,
297 631 454 712 cultuque
464 630 588 714 Deum,
606 653 676 696 non
690 634 864 698 moenibus
882 633 990 718 urbis,

96 731 262 798 Effossum
278 736 412 799 tumulis
428 737 547 821 cupide
563 740 730 803 deseendit
742 740 779 802 in
794 750 937 803 antrum.

95 836 170 898 nuc
190 838 314 901 penae:
331 841 440 922 protes
455 861 575 904 vesana
589 817 737 926 Philippi

95 945 190 1007 Felix
199 931 324 1026 praedo
333 947 433 1030 i'acet,
450 958 611 1012 terrarum
626 949 757 1013 vindice
771 950 838 1012 lato
867 1030 869 1039 Α

95 1048 242 1130 Raptus:
259 1051 391 1115 sacratis
403 1062 508 1116 totum
518 1056 703 1140 spargenda
719 1075 779 1136 per
793 1055 920 1116 orbem

93 1159 248 1220 Membra
267 1157 331 1219 viri
344 1177 484 1240 posuere
495 1158 622 1239 adytis:
638 1159 783 1222 Fortuna
794 1155 940 1240 pepercit

94 1260 266 1341 Manibus,
283 1270 316 1323 et
333 1263 428 1350 regni
443 1262 575 1324 duravit
591 1264 634 1324 ad
652 1262 771 1325 ultima
788 1263 904 1324 satum.

94 1367 182 1428 Nam
193 1366 257 1430 sibi
273 1367 419 1430 Libertas
432 1387 581 1447 unquam
596 1367 626 1430 si
643 1369 796 1430 redderet
812 1368 944 1448 orbem,

11 1523 12 1526 ,
93 1469 257 1532 Ludibrio
273 1481 419 1535 servatus
437 1481 520 1552 erat,
540 1491 610 1534 non
629 1471 711 1533 utile
727 1472 855 1532 mundo
1039 1457 1041 1461 ¹

93 1570 212 1636 Editus
230 1575 434 1656 exemplum,
452 1583 552 1638 terras
565 1583 614 1636 'tot
628 1594 723 1656 posse
734 1575 796 1636 sub
812 1593 879 1636 uno

93 1677 172 1739 Esse
189 1675 273 1739 viro.
291 1676 458 1741 Macetrlm
473 1678 572 1761 fines,
589 1682 794 1760 latebrasque
809 1699 947 1742 suorum

92 1782 263 1864 Deseruit,
278 1783 447 1864 pictasque
458 1781 545 1868 'patri
557 1786 704 1866 despexit
717 1787 878 1848 Athenas:

92 1889 223 1967 Perque
231 1887 324 1950 Asiae
334 1889 475 1969 populos
485 1887 559 1950 fatis
577 1888 770 1973 urgentibus
780 1899 871 1952 actus

92 1993 251 2053 Humana
271 2013 345 2054 cum
359 2001 467 2077 strage
483 1991 563 2073 ruit,
584 1992 799 2076 gladiumque
816 2012 875 2074 per
886 2006 1002 2052 omnes

91 2097 212 2182 Exegit
225 2109 354 2184 gentes:
373 2097 502 2184 ignotos
515 2097 646 2160 miscuit
662 2117 789 2178 amnes,
1017 2097 1057 2154 32

91 2207 268 2267 Persarum
281 2207 490 2287 Euphraten,
507 2205 668 2266 Indorum
678 2203 840 2289 sanguine
855 2203 1014 2285 Gangen:

90 2315 270 2375 Terrarum
283 2312 381 2374 fatale
393 2313 535 2394 malum,
544 2312 753 2392 fulmenque,
766 2310 857 2390 quod
871 2311 988 2370 omnes

92 2413 280 2475 Percuteret
288 2413 411 2495 pariter
423 2416 581 2497 populos,
597 2422 629 2474 et
639 2411 729 2476 sidus
739 2411 894 2493 iniquum

90 2519 264 2582 Gentibus.
281 2521 415 2582 Oceano
431 2522 548 2584 classes
562 2519 686 2580 inferre
699 2519 838 2598 parabat

90 2625 260 2689 Exteriore
271 2625 364 2686 mari.
383 2628 457 2687 Non
473 2623 525 2686 illi
538 2626 685 2703 flamma,
702 2641 765 2683 nec
781 2623 907 2703 undae,
996 2631 998 2634 ’

89 2733 159 2794 Nec
167 2731 288 2794 sterilis
298 2733 425 2814 Libye,
439 2753 501 2794 nec
510 2730 658 2814 Syrticus
669 2727 794 2793 obstitit
806 2705 993 2794 llammou.·
1029 2761 1035 2776 ¹

88 2837 171 2901 Isset
182 2837 218 2898 in
232 2856 401 2918 occasum,
420 2835 537 2899 mundi
549 2837 674 2898 devexa
689 2842 838 2914 secutus,

89 2945 319 3036 Ambissetque
333 2947 450 3028 polos,
460 2943 638 3024 Nilumque
655 2963 676 3003 a
692 2943 783 3007 fonte
798 2942 949 3006 bibisset:

91 3051 246 3116 Occurrit
259 3071 413 3134 suprema
426 3053 511 3134 dies,
529 3063 713 3131 naturaque
732 3052 842 3113 solum

88 3160 190 3222 Hunc
200 3157 309 3239 potuit
323 3156 425 3220 finem
440 3177 562 3221 vesano
578 3154 702 3242 ponere
721 3158 810 3245 regi:
935 3228 938 3236 ,

89 3265 159 3349 Qui
167 3285 280 3327 secum
295 3264 439 3347 invidia,
457 3287 522 3347 qua
537 3277 642 3328 totum
653 3275 784 3347 ceperat
792 3268 925 3346 orbem,

87 3371 233 3435 Abstulit
248 3371 442 3454 imperium,
461 3375 622 3454 nulloque
637 3374 758 3434 herede
774 3371 890 3458 relicto

89 3479 292 3560 Totiusfati,
312 3482 502 3546 lacerandas
513 3481 666 3564 praebuit
680 3484 798 3544 urbes·
925 3536 927 3541 .
1067 3535 1071 3541 .

90 3588 155 3650 Sed
175 3586 293 3650 cecidit
308 3589 479 3672 Babylone
496 3607 571 3668 sua,
590 3590 777 3667 Parthoque
791 3587 978 3650 verendus·
1016 3612 1020 3623 *

89 3695 154 3754 Pro
167 3693 292 3774 pudor!
310 3693 372 3755 Eoi
388 3693 525 3776 propius
543 3693 682 3757 timuere
698 3693 845 3774 sarissas,

90 3804 202 3887 Quam
212 3823 302 3868 nunc
309 3805 506 3888 pilatiment
514 3803 646 3888 populi:
659 3804 738 3870 licet
747 3823 851 3908 usque
857 3805 919 3869 sub
929 3805 1029 3871 Arcto
