2788 4880
465 153 473 221 l

361 358 401 420 4²
617 337 1060 420 Pflansablarb
1159 355 1286 422 ”49¹-

360 479 517 550 Devolvit
531 481 686 567 rapidum
699 483 928 567 nequidquam
945 484 1121 550 moenibus
1137 503 1271 571 quiem
1386 475 1387 484 ἵ

360 591 446 657 Nam
456 591 715 676 pnoremmpis
725 603 763 656 ut
772 592 933 676 conspicit
942 613 1041 658 amne
1054 595 1165 673 soluto
1386 585 1387 592 ἵ

360 699 488 784 Rumpi
501 699 710 782 Cacsariter,
722 701 831 766 calida
847 703 1014 784 praelatus
1028 703 1072 764 ab
1086 701 1153 764 ira:

361 807 438 868 Non
456 802 534 870 satis
547 813 595 869 cst
605 804 710 869 muris
723 807 866 870 latebras
881 806 1047 890 qrmcsisse
1064 805 1206 890 pavori?

363 909 542 974 Obstruitis
554 931 708 995 campos,
720 912 831 976 fluviis
844 929 956 976 arcere
972 913 1109 996 paratis,

360 1013 501 1101 Ignavi?
516 1023 586 1080 n⁴on
596 1015 625 1080 si
639 1015 767 1082 tumido
785 1039 840 1080 me
856 1016 987 1105 gurgite
1003 1019 1136 1104 Ganges

360 1119 577 1202 submoveat,
596 1119 774 1184 stabiliam
790 1120 928 1188 flumine
947 1124 1069 1194 namur
1087 1122 1124 1186 in
1138 1121 1218 1200 illo,

362 1223 439 1285 Post
452 1221 635 1288 Rubiconis
648 1241 760 1304 aquas.
779 1221 937 1304 Equitum
948 1232 1125 1306 properate
1139 1233 1304 1296 catervae:
1343 1217 1345 1225 “

361 1326 412 1388 Ite
425 1325 525 1389 simul
536 1325 679 1408 pedites:
697 1325 865 1392 ruiturum
874 1324 1070 1391 ‘adscendite
1081 1335 1229 1407 pontem.
1386 1317 1387 1338 ³

362 1434 455 1495 Haec
474 1431 535 1494 ubi
547 1431 650 1514 diota,
664 1429 748 1510 leuis
762 1441 846 1506 totas
862 1429 993 1514 aceepit
1008 1431 1162 1500 habena

363 1537 405 1600 In
422 1556 578 1620 eampum
595 1536 727 1620 sonipes
737 1539 943 1620 :crebroque
960 1535 1132 1612 simillima
1145 1535 1262 1600 nimbo
1386 1567 1387 1570 ¹

363 1643 470 1705 Trans
483 1641 593 1724 ripam
607 1641 711 1706 validi
726 1651 890 1708 torserunt
903 1643 969 1704 tela
985 1639 1109 1720 lacerti.
1136 1699 1139 1708 ,
1386 1709 1387 1730 3

362 1748 554 1834 Ingreditur
569 1751 669 1834 pulsa
682 1748 822 1813 fluvium
834 1749 975 1826 statione
988 1758 1162 1823 vacantem
1277 1814 1280 1820 Δ

365 1855 504 1936 Caesar,
520 1858 611 1920 etad
629 1864 714 1920 nitas
734 1855 836 1928 hostis
855 1853 1066 1938 compellitur
1078 1873 1190 1937 arces,

364 1957 406 2018 Et
422 1956 491 2020 iam
503 1969 651 2024 moturas
662 1959 813 2046 ingentia
828 1960 978 2043 pondera
991 1968 1098 2036 turres
1180 1949 1184 1952 ’

313 2142 315 2150 J
365 2059 488 2146 Erigit,
504 2072 538 2124 et
552 2062 671 2129 mediis
686 2062 851 2146 subrepsit
865 2063 966 2128 vinea
980 2061 1098 2150 muris.
1135 2143 1138 2148 y
1257 2061 1323 2126 iufi

364 2169 465 2251 Ecce,
481 2171 575 2234 nefas
588 2171 686 2234 belli!
700 2170 851 2236 reseratis
865 2170 1000 2258 agmina
1012 2169 1116 2254 portis

365 2276 542 2356 Captivum
561 2267 689 2340 traxere
703 2278 839 2359 ducem,
854 2275 1001 2356 civisque
1021 2273 1157 2358 superbi

365 2382 519 2446 Constitit
530 2395 606 2448 ante
623 2387 734 2468 pedes.
755 2387 859 2450 Vultu
876 2395 987 2448 tamen
1003 2387 1071 2458 alta
1085 2381 1211 2450 minaci

362 2487 527 2553 Nobilitas
545 2499 635 2556 recta
650 2491 777 2554 ferrum
795 2489 924 2554 cervice
936 2489 1098 2572 poposcit.

365 2590 434 2654 scit
449 2593 568 2656 Caesar
579 2602 799 2676 poenamque·
807 2591 893 2676 peti,
912 2591 1113 2672 veniamque
1126 2587 1256 2658 ‚timeri

365 2698 471 2780 Vive,
489 2699 566 2764 lieet
579 2701 678 2782 nolis,
696 2711 728 2764 et
743 2711 857 2764 nostro
870 2721 1023 2781 munere,
1042 2699 1141 2790 dixit,

366 2807 473 2870 Cerne
485 2807 584 2873 diem.
597 2805 702 2873 Victis
718 2803 786 2870 iarn
800 2829 874 2890 spes
889 2810 979 2873 hona
992 2807 1141 2890 partibus
1158 2816 1247 2891 esto,

365 2913 631 2996 Exemplumque
645 2903 730 2978 mei:
747 2915 819 2996 vel,
832 2913 861 2978 si
879 2914 977 2997 libet,
995 2934 1091 2980 arma
1108 2925 1241 2982 retenta

365 3018 407 3079 Et
420 3016 506 3080 nihil
519 3020 583 3081 hac
595 3019 708 3100 venia,
725 3018 754 3084 si
767 3019 987 3103 vicerisfipse,
999 3019 1160 3102 paciscor.

365 3126 481 3188 Fatur:
496 3135 528 3188 ct
541 3123 703 3190 adstrictis
719 3127 824 3190 laxari
839 3126 974 3190 vincula
989 3126 1109 3209 palmis

269 3265 272 3277 =
365 3231 522 3314 Imperat.
534 3233 609 3296 Heu
622 3225 748 3314 quanto
766 3231 902 3316 melius,
922 3235 977 3296 vel
993 3235 1093 3296 caede
1109 3240 1259 3317 peraeta,

364 3339 504 3402 Parcere
521 3339 674 3410 Romano
690 3337 799 3422 potuit
816 3339 951 3404 fortuna
970 3337 1110 3422 pudori!

364 3443 752 3510 Poenarum'extremum
768 3441 851 3525 civi,
862 3445 960 3524 quod
978 3452 1085 3506 castra
1097 3448 1230 3506 secutus

364 3546 416 3612 sit
428 3547 568 3631 patriae,
585 3553 955 3638 Magnumqueducem,
966 3559 1141 3631 totumque
1156 3550 1326 3629 Senatum,

365 3651 506 3738 Ignosci.
524 3653 648 3716 Premit
662 3653 722 3720 ille
736 3675 853 3741 graves
869 3653 1038 3718 interritus
1050 3652 1135 3728 iras;

366 3757 408 3820 Et
427 3777 559 3830 serum:
573 3760 760 3825 Romamne
770 3769 880 3844 petes,
896 3758 1052 3844 pacisque
1065 3773 1221 3823 receuus.
1273 3777 1277 3786 ·
