<?xml version="1.0" encoding="UTF-8"?>
<!DOCTYPE html PUBLIC "-//W3C//DTD XHTML 1.0 Transitional//EN"
    "http://www.w3.org/TR/xhtml1/DTD/xhtml1-transitional.dtd">
<html xmlns="http://www.w3.org/1999/xhtml" xml:lang="en" lang="en">
 <head>
  <title>
</title>
<meta http-equiv="Content-Type" content="text/html;charset=utf-8" />
  <meta name='ocr-system' content='tesseract 3.04.00' />
  <meta name='ocr-capabilities' content='ocr_page ocr_carea ocr_par ocr_line ocrx_word'/>
</head>
<body>
  <div class='ocr_page' id='page_1' title='image "./marciannaeiluca00bipogoog_0277.png"; bbox 0 0 2824 4880; ppageno 0'>
   <div class='ocr_carea' id='block_1_1' title="bbox 311 391 1306 483">
    <p class='ocr_par' dir='ltr' id='par_1_1' title="bbox 311 391 1306 483">
     <span class='ocr_line' id='line_1_1' title="bbox 311 391 1306 483; baseline 0.004 -25"><span class='ocrx_word' id='word_1_1' title='bbox 311 445 317 458; x_wconf 82' lang='lat'>.</span> <span class='ocrx_word' id='word_1_2' title='bbox 387 397 446 460; x_wconf 73' lang='lat' dir='ltr'><strong>sat</strong></span> <span class='ocrx_word' id='word_1_3' title='bbox 640 391 1084 460; x_wconf 78' lang='lat' dir='ltr'><strong>PHARSALIAE</strong></span> <span class='ocrx_word' id='word_1_4' title='bbox 1184 415 1306 483; x_wconf 59' lang='grc' dir='ltr'><strong>ωας.</strong></span> 
     </span>
    </p>
   </div>
   <div class='ocr_carea' id='block_1_2' title="bbox 275 514 1390 3126">
    <p class='ocr_par' dir='ltr' id='par_1_2' title="bbox 275 514 1249 720">
     <span class='ocr_line' id='line_1_2' title="bbox 275 514 1159 626; baseline 0.005 -32"><span class='ocrx_word' id='word_1_5' title='bbox 275 514 279 522; x_wconf 60' lang='grc'><strong>’</strong></span> <span class='ocrx_word' id='word_1_6' title='bbox 295 601 299 609; x_wconf 60' lang='grc'>,</span> <span class='ocrx_word' id='word_1_7' title='bbox 381 533 421 596; x_wconf 89' lang='lat' dir='ltr'><strong>In</strong></span> <span class='ocrx_word' id='word_1_8' title='bbox 433 553 549 598; x_wconf 88' lang='lat' dir='ltr'><strong>nemus</strong></span> <span class='ocrx_word' id='word_1_9' title='bbox 560 531 713 622; x_wconf 69' lang='lat' dir='ltr'><strong>ignotum</strong></span> <span class='ocrx_word' id='word_1_10' title='bbox 729 533 859 626; x_wconf 79' lang='lat' dir='ltr'><strong>nostrae</strong></span> <span class='ocrx_word' id='word_1_11' title='bbox 877 553 999 596; x_wconf 82' lang='lat' dir='ltr'><strong>venere</strong></span> <span class='ocrx_word' id='word_1_12' title='bbox 1012 553 1159 612; x_wconf 86' lang='lat' dir='ltr'><strong>secures;</strong></span> 
     </span>
     <span class='ocr_line' id='line_1_3' title="bbox 378 635 1249 720; baseline 0.001 -20"><span class='ocrx_word' id='word_1_13' title='bbox 378 639 605 718; x_wconf 81' lang='lat' dir='ltr'><strong>Extremoque</strong></span> <span class='ocrx_word' id='word_1_14' title='bbox 617 639 733 720; x_wconf 81' lang='lat' dir='ltr'>epulas</span> <span class='ocrx_word' id='word_1_15' title='bbox 750 656 946 718; x_wconf 79' lang='lat' dir='ltr'>mensasque</span> <span class='ocrx_word' id='word_1_16' title='bbox 960 635 1139 719; x_wconf 87' lang='lat' dir='ltr'><strong>petivimus</strong></span> <span class='ocrx_word' id='word_1_17' title='bbox 1156 637 1249 700; x_wconf 86' lang='lat' dir='ltr'><strong>orbe.</strong></span> 
     </span>
    </p>

    <p class='ocr_par' dir='ltr' id='par_1_3' title="bbox 379 743 1251 831">
     <span class='ocr_line' id='line_1_4' title="bbox 379 743 1251 831; baseline 0.001 -23"><span class='ocrx_word' id='word_1_18' title='bbox 379 747 423 808; x_wconf 89' lang='lat' dir='ltr'><strong>At</strong></span> <span class='ocrx_word' id='word_1_19' title='bbox 435 763 653 826; x_wconf 86' lang='lat' dir='ltr'><strong>quaecunque</strong></span> <span class='ocrx_word' id='word_1_20' title='bbox 668 764 787 831; x_wconf 85' lang='lat' dir='ltr'><strong>vagam</strong></span> <span class='ocrx_word' id='word_1_21' title='bbox 803 744 928 828; x_wconf 86' lang='lat' dir='ltr'><strong>Syrtim</strong></span> <span class='ocrx_word' id='word_1_22' title='bbox 944 743 1174 828; x_wconf 69' lang='lat' dir='ltr'><strong>complectitur</strong></span> <span class='ocrx_word' id='word_1_23' title='bbox 1189 764 1251 810; x_wconf 90' lang='lat' dir='ltr'><strong>ora</strong></span> 
     </span>
    </p>

    <p class='ocr_par' dir='ltr' id='par_1_4' title="bbox 379 847 1104 932">
     <span class='ocr_line' id='line_1_5' title="bbox 379 847 1104 932; baseline -0.001 -19"><span class='ocrx_word' id='word_1_24' title='bbox 379 851 448 914; x_wconf 87' lang='lat' dir='ltr'><strong>Sub</strong></span> <span class='ocrx_word' id='word_1_25' title='bbox 468 847 575 927; x_wconf 75' lang='lat' dir='ltr'><strong>nimio</strong></span> <span class='ocrx_word' id='word_1_26' title='bbox 592 849 741 932; x_wconf 89' lang='lat' dir='ltr'><strong>proiecta</strong></span> <span class='ocrx_word' id='word_1_27' title='bbox 757 849 830 932; x_wconf 89' lang='lat' dir='ltr'><strong>die,</strong></span> <span class='ocrx_word' id='word_1_28' title='bbox 850 849 961 914; x_wconf 84' lang='lat' dir='ltr'><strong>vicina</strong></span> <span class='ocrx_word' id='word_1_29' title='bbox 977 849 1104 932; x_wconf 86' lang='lat' dir='ltr'><strong>perusti</strong></span> 
     </span>
    </p>

    <p class='ocr_par' dir='ltr' id='par_1_5' title="bbox 376 954 1212 1145">
     <span class='ocr_line' id='line_1_6' title="bbox 377 954 1212 1040; baseline -0.001 -23"><span class='ocrx_word' id='word_1_30' title='bbox 377 954 543 1036; x_wconf 89' lang='lat' dir='ltr'><strong>Aetheris,</strong></span> <span class='ocrx_word' id='word_1_31' title='bbox 564 954 672 1020; x_wconf 87' lang='lat' dir='ltr'><strong>exurit</strong></span> <span class='ocrx_word' id='word_1_32' title='bbox 685 975 825 1038; x_wconf 87' lang='lat' dir='ltr'><strong>messes,</strong></span> <span class='ocrx_word' id='word_1_33' title='bbox 845 963 878 1017; x_wconf 90' lang='lat' dir='ltr'><strong>et</strong></span> <span class='ocrx_word' id='word_1_34' title='bbox 895 954 1034 1040; x_wconf 85' lang='lat' dir='ltr'><strong>pulvere</strong></span> <span class='ocrx_word' id='word_1_35' title='bbox 1045 954 1212 1018; x_wconf 83' lang='lat' dir='ltr'><strong>Bacchum</strong></span> 
     </span>
     <span class='ocr_line' id='line_1_7' title="bbox 376 1058 1081 1145; baseline -0.003 -23"><span class='ocrx_word' id='word_1_36' title='bbox 376 1059 517 1142; x_wconf 86' lang='lat' dir='ltr'><strong>Eneeat,</strong></span> <span class='ocrx_word' id='word_1_37' title='bbox 536 1068 568 1122; x_wconf 90' lang='lat' dir='ltr'><strong>et</strong></span> <span class='ocrx_word' id='word_1_38' title='bbox 581 1061 676 1126; x_wconf 85' lang='lat' dir='ltr'><strong>nulla</strong></span> <span class='ocrx_word' id='word_1_39' title='bbox 688 1059 795 1145; x_wconf 88' lang='lat' dir='ltr'><strong>putris</strong></span> <span class='ocrx_word' id='word_1_40' title='bbox 812 1058 924 1123; x_wconf 83' lang='lat' dir='ltr'><strong>radice</strong></span> <span class='ocrx_word' id='word_1_41' title='bbox 944 1068 1081 1122; x_wconf 86' lang='lat' dir='ltr'><strong>tenetur.</strong></span> 
     </span>
    </p>

    <p class='ocr_par' dir='ltr' id='par_1_6' title="bbox 375 1162 1127 1248">
     <span class='ocr_line' id='line_1_8' title="bbox 375 1162 1127 1248; baseline -0.003 -20"><span class='ocrx_word' id='word_1_42' title='bbox 375 1163 566 1248; x_wconf 72' lang='lat' dir='ltr'>Temperies</span> <span class='ocrx_word' id='word_1_43' title='bbox 578 1163 688 1228; x_wconf 82' lang='lat' dir='ltr'><strong>vitalis</strong></span> <span class='ocrx_word' id='word_1_44' title='bbox 704 1166 810 1228; x_wconf 82' lang='lat' dir='ltr'><strong>abest:</strong></span> <span class='ocrx_word' id='word_1_45' title='bbox 826 1173 860 1226; x_wconf 89' lang='lat' dir='ltr'><strong>et</strong></span> <span class='ocrx_word' id='word_1_46' title='bbox 876 1163 970 1226; x_wconf 89' lang='lat' dir='ltr'><strong>nulla</strong></span> <span class='ocrx_word' id='word_1_47' title='bbox 987 1165 1049 1226; x_wconf 91' lang='lat' dir='ltr'><strong>suh</strong></span> <span class='ocrx_word' id='word_1_48' title='bbox 1067 1162 1127 1226; x_wconf 84' lang='lat' dir='ltr'><strong>illa</strong></span> 
     </span>
    </p>

    <p class='ocr_par' dir='ltr' id='par_1_7' title="bbox 374 1247 1159 1358">
     <span class='ocr_line' id='line_1_9' title="bbox 374 1247 1159 1358; baseline 0.004 -30"><span class='ocrx_word' id='word_1_49' title='bbox 374 1267 464 1328; x_wconf 89' lang='lat' dir='ltr'><strong>Cura</strong></span> <span class='ocrx_word' id='word_1_50' title='bbox 480 1265 569 1330; x_wconf 85' lang='lat' dir='ltr'><strong>lovis</strong></span> <span class='ocrx_word' id='word_1_51' title='bbox 585 1275 672 1330; x_wconf 88' lang='lat' dir='ltr'><strong>terra</strong></span> <span class='ocrx_word' id='word_1_52' title='bbox 687 1277 751 1331; x_wconf 87' lang='lat' dir='ltr'><strong>est:</strong></span> <span class='ocrx_word' id='word_1_53' title='bbox 774 1247 899 1330; x_wconf 86' lang='lat' dir='ltr'><strong>Natura</strong></span> <span class='ocrx_word' id='word_1_54' title='bbox 913 1267 1025 1330; x_wconf 86' lang='lat' dir='ltr'><strong>deside</strong></span> <span class='ocrx_word' id='word_1_55' title='bbox 1043 1276 1159 1358; x_wconf 24' lang='lat' dir='ltr'><strong>torpet,</strong></span> 
     </span>
    </p>

    <p class='ocr_par' dir='ltr' id='par_1_8' title="bbox 375 1370 1183 1454">
     <span class='ocr_line' id='line_1_10' title="bbox 375 1370 1183 1454; baseline 0.002 -18"><span class='ocrx_word' id='word_1_56' title='bbox 375 1371 491 1454; x_wconf 91' lang='lat' dir='ltr'><strong>Orbis,</strong></span> <span class='ocrx_word' id='word_1_57' title='bbox 509 1382 542 1435; x_wconf 90' lang='lat' dir='ltr'><strong>et</strong></span> <span class='ocrx_word' id='word_1_58' title='bbox 558 1370 705 1436; x_wconf 78' lang='lat' dir='ltr'><strong>immotis</strong></span> <span class='ocrx_word' id='word_1_59' title='bbox 719 1393 845 1436; x_wconf 89' lang='lat' dir='ltr'><strong>annum</strong></span> <span class='ocrx_word' id='word_1_60' title='bbox 863 1392 932 1436; x_wconf 89' lang='lat' dir='ltr'><strong>non</strong></span> <span class='ocrx_word' id='word_1_61' title='bbox 946 1373 1045 1436; x_wconf 86' lang='lat' dir='ltr'><strong>sentit</strong></span> <span class='ocrx_word' id='word_1_62' title='bbox 1062 1373 1183 1438; x_wconf 86' lang='lat' dir='ltr'><strong>arenis·</strong></span> 
     </span>
    </p>

    <p class='ocr_par' dir='ltr' id='par_1_9' title="bbox 368 1477 1300 1984">
     <span class='ocr_line' id='line_1_11' title="bbox 372 1477 1276 1566; baseline 0.004 -24"><span class='ocrx_word' id='word_1_63' title='bbox 372 1477 447 1542; x_wconf 84' lang='lat' dir='ltr'><strong>Hoc</strong></span> <span class='ocrx_word' id='word_1_64' title='bbox 462 1485 530 1540; x_wconf 91' lang='lat' dir='ltr'><strong>tam</strong></span> <span class='ocrx_word' id='word_1_65' title='bbox 542 1497 644 1564; x_wconf 85' lang='lat' dir='ltr'><strong>segne</strong></span> <span class='ocrx_word' id='word_1_66' title='bbox 656 1479 766 1541; x_wconf 89' lang='lat' dir='ltr'><strong>solum</strong></span> <span class='ocrx_word' id='word_1_67' title='bbox 779 1498 870 1542; x_wconf 88' lang='lat' dir='ltr'><strong>raras</strong></span> <span class='ocrx_word' id='word_1_68' title='bbox 883 1489 993 1542; x_wconf 87' lang='lat' dir='ltr'><strong>tamen</strong></span> <span class='ocrx_word' id='word_1_69' title='bbox 1006 1480 1125 1544; x_wconf 78' lang='lat' dir='ltr'>exserit</span> <span class='ocrx_word' id='word_1_70' title='bbox 1141 1483 1276 1566; x_wconf 89' lang='lat' dir='ltr'><strong>herhas,</strong></span> 
     </span>
     <span class='ocr_line' id='line_1_12' title="bbox 372 1581 1300 1676; baseline 0 -30"><span class='ocrx_word' id='word_1_71' title='bbox 372 1585 464 1669; x_wconf 78' lang='lat' dir='ltr'><strong>Quas</strong></span> <span class='ocrx_word' id='word_1_72' title='bbox 477 1586 643 1646; x_wconf 81' lang='lat' dir='ltr'><strong>Nasamon</strong></span> <span class='ocrx_word' id='word_1_73' title='bbox 652 1584 829 1673; x_wconf 26' lang='lat' dir='ltr'><strong>genstdura</strong></span> <span class='ocrx_word' id='word_1_74' title='bbox 842 1581 937 1668; x_wconf 85' lang='lat' dir='ltr'><strong>legit,</strong></span> <span class='ocrx_word' id='word_1_75' title='bbox 957 1583 1015 1664; x_wconf 90' lang='lat' dir='ltr'><strong>qui</strong></span> <span class='ocrx_word' id='word_1_76' title='bbox 1030 1583 1185 1668; x_wconf 86' lang='lat' dir='ltr'><strong>proxima</strong></span> <span class='ocrx_word' id='word_1_77' title='bbox 1198 1593 1300 1676; x_wconf 83' lang='lat' dir='ltr'><strong>ponto</strong></span> 
     </span>
     <span class='ocr_line' id='line_1_13' title="bbox 371 1685 1261 1767; baseline 0.003 -17"><span class='ocrx_word' id='word_1_78' title='bbox 371 1689 487 1750; x_wconf 89' lang='lat' dir='ltr'><strong>Nudus</strong></span> <span class='ocrx_word' id='word_1_79' title='bbox 500 1705 581 1749; x_wconf 88' lang='lat' dir='ltr'><strong>rura</strong></span> <span class='ocrx_word' id='word_1_80' title='bbox 599 1695 702 1767; x_wconf 89' lang='lat' dir='ltr'><strong>tenet,</strong></span> <span class='ocrx_word' id='word_1_81' title='bbox 718 1707 819 1767; x_wconf 90' lang='lat' dir='ltr'><strong>quem</strong></span> <span class='ocrx_word' id='word_1_82' title='bbox 833 1685 952 1750; x_wconf 88' lang='lat' dir='ltr'><strong>mundi</strong></span> <span class='ocrx_word' id='word_1_83' title='bbox 969 1687 1112 1752; x_wconf 87' lang='lat' dir='ltr'><strong>barbara</strong></span> <span class='ocrx_word' id='word_1_84' title='bbox 1127 1687 1261 1753; x_wconf 64' lang='lat' dir='ltr'><strong>mmnis</strong></span> 
     </span>
     <span class='ocr_line' id='line_1_14' title="bbox 370 1788 1189 1874; baseline 0.001 -21"><span class='ocrx_word' id='word_1_85' title='bbox 370 1789 477 1873; x_wconf 85' lang='lat' dir='ltr'><strong>Syrtis</strong></span> <span class='ocrx_word' id='word_1_86' title='bbox 488 1788 557 1852; x_wconf 89' lang='lat' dir='ltr'><strong>alit.</strong></span> <span class='ocrx_word' id='word_1_87' title='bbox 575 1791 660 1852; x_wconf 87' lang='lat' dir='ltr'><strong>Nam</strong></span> <span class='ocrx_word' id='word_1_88' title='bbox 675 1788 800 1854; x_wconf 87' lang='lat' dir='ltr'><strong>litoreis</strong></span> <span class='ocrx_word' id='word_1_89' title='bbox 813 1791 990 1874; x_wconf 83' lang='lat' dir='ltr'><strong>populator</strong></span> <span class='ocrx_word' id='word_1_90' title='bbox 1003 1789 1113 1854; x_wconf 85' lang='lat' dir='ltr'><strong>arenis</strong></span> <span class='ocrx_word' id='word_1_91' title='bbox 1182 1815 1189 1833; x_wconf 74' lang='lat'>=</span> 
     </span>
     <span class='ocr_line' id='line_1_15' title="bbox 368 1879 1142 1984; baseline -0.004 -22"><span class='ocrx_word' id='word_1_92' title='bbox 368 1898 542 1982; x_wconf 86' lang='lat' dir='ltr'><strong>Imminet,</strong></span> <span class='ocrx_word' id='word_1_93' title='bbox 561 1909 593 1961; x_wconf 90' lang='lat' dir='ltr'><strong>et</strong></span> <span class='ocrx_word' id='word_1_94' title='bbox 606 1879 699 1962; x_wconf 83' lang='lat' dir='ltr'><strong>nulla</strong></span> <span class='ocrx_word' id='word_1_95' title='bbox 708 1909 825 1982; x_wconf 88' lang='lat' dir='ltr'><strong>portus</strong></span> <span class='ocrx_word' id='word_1_96' title='bbox 841 1908 997 1984; x_wconf 84' lang='lat' dir='ltr'><strong>tangente</strong></span> <span class='ocrx_word' id='word_1_97' title='bbox 1011 1897 1142 1978; x_wconf 85' lang='lat' dir='ltr'><strong>carina,</strong></span> 
     </span>
    </p>

    <p class='ocr_par' dir='ltr' id='par_1_10' title="bbox 363 2003 1390 3126">
     <span class='ocr_line' id='line_1_16' title="bbox 368 2003 1179 2088; baseline -0.001 -22"><span class='ocrx_word' id='word_1_98' title='bbox 368 2003 468 2067; x_wconf 78' lang='lat' dir='ltr'><strong>Novit</strong></span> <span class='ocrx_word' id='word_1_99' title='bbox 483 2024 573 2088; x_wconf 87' lang='lat' dir='ltr'><strong>opes.</strong></span> <span class='ocrx_word' id='word_1_100' title='bbox 586 2003 640 2068; x_wconf 85' lang='lat' dir='ltr'><strong>Sic</strong></span> <span class='ocrx_word' id='word_1_101' title='bbox 657 2025 733 2066; x_wconf 88' lang='lat' dir='ltr'><strong>cum</strong></span> <span class='ocrx_word' id='word_1_102' title='bbox 748 2014 817 2068; x_wconf 94' lang='lat' dir='ltr'><strong>toto</strong></span> <span class='ocrx_word' id='word_1_103' title='bbox 833 2003 1032 2068; x_wconf 86' lang='lat' dir='ltr'><strong>commercia</strong></span> <span class='ocrx_word' id='word_1_104' title='bbox 1051 2003 1179 2066; x_wconf 89' lang='lat' dir='ltr'><strong>mundo</strong></span> 
     </span>
     <span class='ocr_line' id='line_1_17' title="bbox 367 2107 1324 2197; baseline 0 -25"><span class='ocrx_word' id='word_1_105' title='bbox 367 2109 557 2197; x_wconf 76' lang='lat' dir='ltr'><strong>Naufragiis</strong></span> <span class='ocrx_word' id='word_1_106' title='bbox 572 2110 775 2174; x_wconf 80' lang='lat' dir='ltr'><strong>Nasamones</strong></span> <span class='ocrx_word' id='word_1_107' title='bbox 792 2109 926 2172; x_wconf 87' lang='lat' dir='ltr'><strong>habent.</strong></span> <span class='ocrx_word' id='word_1_108' title='bbox 950 2112 1022 2172; x_wconf 88' lang='lat' dir='ltr'><strong>Hac</strong></span> <span class='ocrx_word' id='word_1_109' title='bbox 1034 2107 1259 2188; x_wconf 84' lang='lat' dir='ltr'><strong>ireCatonem</strong></span> <span class='ocrx_word' id='word_1_110' title='bbox 1272 2123 1324 2188; x_wconf 66' lang='lat'><strong>444</strong></span> 
     </span>
     <span class='ocr_line' id='line_1_18' title="bbox 367 2211 1338 2308; baseline 0.003 -32"><span class='ocrx_word' id='word_1_111' title='bbox 367 2214 461 2276; x_wconf 84' lang='lat' dir='ltr'><strong>Dura</strong></span> <span class='ocrx_word' id='word_1_112' title='bbox 471 2213 564 2276; x_wconf 91' lang='lat' dir='ltr'><strong>iubet</strong></span> <span class='ocrx_word' id='word_1_113' title='bbox 575 2211 691 2276; x_wconf 78' lang='lat' dir='ltr'><strong>virtus.</strong></span> <span class='ocrx_word' id='word_1_114' title='bbox 705 2213 781 2277; x_wconf 87' lang='lat' dir='ltr'><strong>Illic</strong></span> <span class='ocrx_word' id='word_1_115' title='bbox 796 2234 914 2297; x_wconf 87' lang='lat' dir='ltr'><strong>secura</strong></span> <span class='ocrx_word' id='word_1_116' title='bbox 925 2213 1078 2280; x_wconf 84' lang='lat' dir='ltr'><strong>iuventus</strong></span> <span class='ocrx_word' id='word_1_117' title='bbox 1264 2299 1268 2308; x_wconf 24' lang='grc'>1</span> <span class='ocrx_word' id='word_1_118' title='bbox 1335 2292 1338 2297; x_wconf 22' lang='lat'>¹</span> 
     </span>
     <span class='ocr_line' id='line_1_19' title="bbox 365 2318 1232 2404; baseline -0.002 -18"><span class='ocrx_word' id='word_1_119' title='bbox 365 2321 573 2400; x_wconf 83' lang='lat' dir='ltr'><strong>Ventorum,</strong></span> <span class='ocrx_word' id='word_1_120' title='bbox 589 2319 764 2399; x_wconf 86' lang='lat' dir='ltr'><strong>nullasque</strong></span> <span class='ocrx_word' id='word_1_121' title='bbox 781 2318 902 2383; x_wconf 87' lang='lat' dir='ltr'><strong>timens</strong></span> <span class='ocrx_word' id='word_1_122' title='bbox 919 2319 1038 2382; x_wconf 90' lang='lat' dir='ltr'><strong>tellure</strong></span> <span class='ocrx_word' id='word_1_123' title='bbox 1050 2320 1232 2404; x_wconf 77' lang='lat' dir='ltr'><strong>procellas,</strong></span> 
     </span>
     <span class='ocr_line' id='line_1_20' title="bbox 365 2423 1390 2515; baseline 0.003 -29"><span class='ocrx_word' id='word_1_124' title='bbox 365 2424 556 2504; x_wconf 80' lang='lat' dir='ltr'><strong>Aequoreos</strong></span> <span class='ocrx_word' id='word_1_125' title='bbox 567 2431 616 2486; x_wconf 88' lang='lat' dir='ltr'><strong>est</strong></span> <span class='ocrx_word' id='word_1_126' title='bbox 630 2441 727 2506; x_wconf 87' lang='lat' dir='ltr'><strong>passa</strong></span> <span class='ocrx_word' id='word_1_127' title='bbox 739 2433 857 2510; x_wconf 88' lang='lat' dir='ltr'><strong>metus.</strong></span> <span class='ocrx_word' id='word_1_128' title='bbox 878 2425 967 2513; x_wconf 83' lang='lat' dir='ltr'><strong>Naus¹</strong></span> <span class='ocrx_word' id='word_1_129' title='bbox 979 2423 1077 2488; x_wconf 88' lang='lat' dir='ltr'><strong>litore</strong></span> <span class='ocrx_word' id='word_1_130' title='bbox 1093 2424 1197 2509; x_wconf 87' lang='lat' dir='ltr'><strong>sicco,</strong></span> <span class='ocrx_word' id='word_1_131' title='bbox 1389 2499 1390 2515; x_wconf 48' lang='lat'><strong>,</strong></span> 
     </span>
     <span class='ocr_line' id='line_1_21' title="bbox 365 2524 1389 2614; baseline 0.002 -24"><span class='ocrx_word' id='word_1_132' title='bbox 365 2531 476 2614; x_wconf 80' lang='lat' dir='ltr'><strong>Quam</strong></span> <span class='ocrx_word' id='word_1_133' title='bbox 488 2528 623 2614; x_wconf 79' lang='lat' dir='ltr'><strong>pelago,</strong></span> <span class='ocrx_word' id='word_1_134' title='bbox 637 2524 741 2610; x_wconf 73' lang='lat' dir='ltr'><strong>Syrtis</strong></span> <span class='ocrx_word' id='word_1_135' title='bbox 757 2525 937 2609; x_wconf 78' lang='lat' dir='ltr'><strong>¹uiolentius</strong></span> <span class='ocrx_word' id='word_1_136' title='bbox 950 2525 1071 2610; x_wconf 89' lang='lat' dir='ltr'><strong>accipit</strong></span> <span class='ocrx_word' id='word_1_137' title='bbox 1089 2529 1266 2612; x_wconf 83' lang='lat' dir='ltr'><strong>Austrum,</strong></span> <span class='ocrx_word' id='word_1_138' title='bbox 1388 2577 1389 2605; x_wconf 71' lang='lat'><strong>,</strong></span> 
     </span>
     <span class='ocr_line' id='line_1_22' title="bbox 364 2631 1261 2721; baseline 0 -23"><span class='ocrx_word' id='word_1_139' title='bbox 364 2637 405 2698; x_wconf 89' lang='lat' dir='ltr'><strong>Et</strong></span> <span class='ocrx_word' id='word_1_140' title='bbox 425 2644 531 2698; x_wconf 87' lang='lat' dir='ltr'><strong>terrae</strong></span> <span class='ocrx_word' id='word_1_141' title='bbox 546 2631 652 2721; x_wconf 82' lang='lat' dir='ltr'><strong>magis</strong></span> <span class='ocrx_word' id='word_1_142' title='bbox 668 2632 726 2696; x_wconf 90' lang='lat' dir='ltr'><strong>ille</strong></span> <span class='ocrx_word' id='word_1_143' title='bbox 741 2643 848 2698; x_wconf 86' lang='lat' dir='ltr'><strong>nocet.</strong></span> <span class='ocrx_word' id='word_1_144' title='bbox 868 2637 944 2698; x_wconf 90' lang='lat' dir='ltr'><strong>Non&#39;</strong></span> <span class='ocrx_word' id='word_1_145' title='bbox 962 2633 1131 2700; x_wconf 88' lang='lat' dir='ltr'><strong>montibus</strong></span> <span class='ocrx_word' id='word_1_146' title='bbox 1147 2644 1261 2699; x_wconf 87' lang='lat' dir='ltr'><strong>ortum</strong></span> 
     </span>
     <span class='ocr_line' id='line_1_23' title="bbox 363 2735 1219 2824; baseline 0.007 -26"><span class='ocrx_word' id='word_1_147' title='bbox 363 2735 517 2800; x_wconf 77' lang='lat' dir='ltr'><strong>Adversis</strong></span> <span class='ocrx_word' id='word_1_148' title='bbox 532 2735 659 2824; x_wconf 84' lang='lat' dir='ltr'><strong>frangit¹</strong></span> <span class='ocrx_word' id='word_1_149' title='bbox 675 2735 801 2820; x_wconf 81' lang='lat' dir='ltr'><strong>Libye,</strong></span> <span class='ocrx_word' id='word_1_150' title='bbox 820 2735 1031 2819; x_wconf 86' lang='lat' dir='ltr'><strong>scopulisque</strong></span> <span class='ocrx_word' id='word_1_151' title='bbox 1044 2737 1219 2822; x_wconf 89' lang='lat' dir='ltr'><strong>repulsum</strong></span> 
     </span>
     <span class='ocr_line' id='line_1_24' title="bbox 363 2837 1214 2926; baseline -0.004 -21"><span class='ocrx_word' id='word_1_152' title='bbox 363 2838 524 2926; x_wconf 82' lang='lat' dir='ltr'><strong>Dissipat,</strong></span> <span class='ocrx_word' id='word_1_153' title='bbox 540 2850 574 2905; x_wconf 90' lang='lat' dir='ltr'><strong>et</strong></span> <span class='ocrx_word' id='word_1_154' title='bbox 589 2837 733 2922; x_wconf 83' lang='lat' dir='ltr'><strong>liquidas</strong></span> <span class='ocrx_word' id='word_1_155' title='bbox 750 2859 770 2901; x_wconf 93' lang='lat' dir='ltr'><strong>e</strong></span> <span class='ocrx_word' id='word_1_156' title='bbox 787 2837 920 2902; x_wconf 86' lang='lat' dir='ltr'><strong>turbine</strong></span> <span class='ocrx_word' id='word_1_157' title='bbox 932 2837 1031 2902; x_wconf 88' lang='lat' dir='ltr'><strong>solvit</strong></span> <span class='ocrx_word' id='word_1_158' title='bbox 1045 2838 1083 2902; x_wconf 90' lang='lat' dir='ltr'><strong>in</strong></span> <span class='ocrx_word' id='word_1_159' title='bbox 1097 2857 1214 2902; x_wconf 84' lang='lat' dir='ltr'><strong>auras:</strong></span> 
     </span>
     <span class='ocr_line' id='line_1_25' title="bbox 363 2943 1213 3026; baseline -0.002 -18"><span class='ocrx_word' id='word_1_160' title='bbox 363 2945 432 3008; x_wconf 88' lang='lat' dir='ltr'><strong>Nec</strong></span> <span class='ocrx_word' id='word_1_161' title='bbox 440 2945 509 3008; x_wconf 90' lang='lat' dir='ltr'><strong>ruit</strong></span> <span class='ocrx_word' id='word_1_162' title='bbox 521 2944 559 3008; x_wconf 92' lang='lat' dir='ltr'><strong>in</strong></span> <span class='ocrx_word' id='word_1_163' title='bbox 575 2943 690 3026; x_wconf 83' lang='lat' dir='ltr'><strong>silvas,</strong></span> <span class='ocrx_word' id='word_1_164' title='bbox 710 2963 901 3024; x_wconf 88' lang='lat' dir='ltr'><strong>annosaque</strong></span> <span class='ocrx_word' id='word_1_165' title='bbox 916 2945 1038 3006; x_wconf 90' lang='lat' dir='ltr'><strong>robora</strong></span> <span class='ocrx_word' id='word_1_166' title='bbox 1054 2951 1213 3022; x_wconf 87' lang='lat' dir='ltr'><strong>torquens</strong></span> 
     </span>
     <span class='ocr_line' id='line_1_26' title="bbox 363 3043 1192 3126; baseline 0.001 -20"><span class='ocrx_word' id='word_1_167' title='bbox 363 3043 534 3106; x_wconf 73' lang='lat' dir='ltr'><strong>[assaturs</strong></span> <span class='ocrx_word' id='word_1_168' title='bbox 551 3052 642 3126; x_wconf 90' lang='lat' dir='ltr'><strong>patet</strong></span> <span class='ocrx_word' id='word_1_169' title='bbox 660 3062 760 3106; x_wconf 87' lang='lat' dir='ltr'><strong>omne</strong></span> <span class='ocrx_word' id='word_1_170' title='bbox 776 3043 900 3125; x_wconf 91' lang='lat' dir='ltr'><strong>solum,</strong></span> <span class='ocrx_word' id='word_1_171' title='bbox 914 3043 1065 3125; x_wconf 83' lang='lat' dir='ltr'><strong>liberque</strong></span> <span class='ocrx_word' id='word_1_172' title='bbox 1079 3053 1192 3107; x_wconf 88' lang='lat' dir='ltr'><strong>meatu</strong></span> 
     </span>
    </p>
   </div>
   <div class='ocr_carea' id='block_1_3' title="bbox 259 3147 1036 3214">
    <p class='ocr_par' dir='ltr' id='par_1_11' title="bbox 259 3147 1036 3214">
     <span class='ocr_line' id='line_1_27' title="bbox 259 3147 1036 3214; baseline 0.001 -4"><span class='ocrx_word' id='word_1_173' title='bbox 259 3167 266 3185; x_wconf 81' lang='lat'><strong>⁴</strong></span> <span class='ocrx_word' id='word_1_174' title='bbox 362 3148 512 3212; x_wconf 88' lang='lat' dir='ltr'><strong>Aeoliam</strong></span> <span class='ocrx_word' id='word_1_175' title='bbox 527 3149 657 3214; x_wconf 86' lang='lat' dir='ltr'><strong>rabiem</strong></span> <span class='ocrx_word' id='word_1_176' title='bbox 674 3149 750 3213; x_wconf 88' lang='lat' dir='ltr'><strong>totis</strong></span> <span class='ocrx_word' id='word_1_177' title='bbox 767 3161 896 3213; x_wconf 85' lang='lat' dir='ltr'><strong>exercet</strong></span> <span class='ocrx_word' id='word_1_178' title='bbox 910 3147 1036 3213; x_wconf 83' lang='lat' dir='ltr'><strong>arenis:</strong></span> 
     </span>
    </p>
   </div>
   <div class='ocr_carea' id='block_1_4' title="bbox 295 3251 1218 3870">
    <p class='ocr_par' dir='ltr' id='par_1_12' title="bbox 358 3251 1199 3654">
     <span class='ocr_line' id='line_1_28' title="bbox 361 3251 1166 3337; baseline 0.002 -23"><span class='ocrx_word' id='word_1_179' title='bbox 361 3253 403 3314; x_wconf 90' lang='lat' dir='ltr'><strong>At</strong></span> <span class='ocrx_word' id='word_1_180' title='bbox 418 3271 488 3314; x_wconf 90' lang='lat' dir='ltr'><strong>non</strong></span> <span class='ocrx_word' id='word_1_181' title='bbox 499 3251 706 3315; x_wconf 87' lang='lat' dir='ltr'><strong>imbriferam</strong></span> <span class='ocrx_word' id='word_1_182' title='bbox 721 3261 872 3316; x_wconf 89' lang='lat' dir='ltr'><strong>contorto</strong></span> <span class='ocrx_word' id='word_1_183' title='bbox 890 3255 1029 3337; x_wconf 88' lang='lat' dir='ltr'><strong>pulvere</strong></span> <span class='ocrx_word' id='word_1_184' title='bbox 1038 3255 1166 3317; x_wconf 89' lang='lat' dir='ltr'><strong>nubem</strong></span> 
     </span>
     <span class='ocr_line' id='line_1_29' title="bbox 360 3358 1190 3447; baseline 0.007 -29"><span class='ocrx_word' id='word_1_185' title='bbox 360 3358 402 3419; x_wconf 88' lang='lat' dir='ltr'><strong>In</strong></span> <span class='ocrx_word' id='word_1_186' title='bbox 414 3361 538 3423; x_wconf 85' lang='lat' dir='ltr'><strong>flexum</strong></span> <span class='ocrx_word' id='word_1_187' title='bbox 554 3358 720 3424; x_wconf 83' lang='lat' dir='ltr'><strong>violentus</strong></span> <span class='ocrx_word' id='word_1_188' title='bbox 732 3359 818 3447; x_wconf 85' lang='lat' dir='ltr'><strong>agit:</strong></span> <span class='ocrx_word' id='word_1_189' title='bbox 833 3381 909 3444; x_wconf 87' lang='lat' dir='ltr'><strong>pars</strong></span> <span class='ocrx_word' id='word_1_190' title='bbox 923 3359 1069 3442; x_wconf 90' lang='lat' dir='ltr'><strong>plurima</strong></span> <span class='ocrx_word' id='word_1_191' title='bbox 1081 3369 1190 3424; x_wconf 88' lang='lat' dir='ltr'><strong>terrae</strong></span> 
     </span>
     <span class='ocr_line' id='line_1_30' title="bbox 359 3461 1199 3562; baseline 0.004 -38"><span class='ocrx_word' id='word_1_192' title='bbox 359 3461 520 3546; x_wconf 88' lang='lat' dir='ltr'><strong>Tollitur,</strong></span> <span class='ocrx_word' id='word_1_193' title='bbox 537 3475 568 3526; x_wconf 88' lang='lat' dir='ltr'><strong>et</strong></span> <span class='ocrx_word' id='word_1_194' title='bbox 580 3483 754 3544; x_wconf 87' lang='lat' dir='ltr'><strong>nunquam</strong></span> <span class='ocrx_word' id='word_1_195' title='bbox 767 3465 911 3526; x_wconf 91' lang='lat' dir='ltr'><strong>resoluto</strong></span> <span class='ocrx_word' id='word_1_196' title='bbox 927 3463 1199 3562; x_wconf 16' lang='lat' dir='ltr'><strong>,vertice-pendet.</strong></span> 
     </span>
     <span class='ocr_line' id='line_1_31' title="bbox 358 3560 1198 3654; baseline 0.008 -27"><span class='ocrx_word' id='word_1_197' title='bbox 358 3560 477 3650; x_wconf 83' lang='lat' dir='ltr'><strong>Regna</strong></span> <span class='ocrx_word' id='word_1_198' title='bbox 488 3565 580 3632; x_wconf 84' lang='lat' dir='ltr'><strong>videt</strong></span> <span class='ocrx_word' id='word_1_199' title='bbox 594 3587 722 3652; x_wconf 90' lang='lat' dir='ltr'><strong>pauper</strong></span> <span class='ocrx_word' id='word_1_200' title='bbox 736 3571 902 3633; x_wconf 86' lang='lat' dir='ltr'><strong>Nasamon</strong></span> <span class='ocrx_word' id='word_1_201' title='bbox 920 3570 1064 3633; x_wconf 86' lang='lat' dir='ltr'><strong>errantia</strong></span> <span class='ocrx_word' id='word_1_202' title='bbox 1080 3579 1198 3654; x_wconf 82' lang='lat' dir='ltr'><strong>vento,</strong></span> 
     </span>
    </p>

    <p class='ocr_par' dir='ltr' id='par_1_13' title="bbox 295 3666 1218 3870">
     <span class='ocr_line' id='line_1_32' title="bbox 295 3666 1218 3762; baseline 0.015 -34"><span class='ocrx_word' id='word_1_203' title='bbox 295 3703 298 3709; x_wconf 95' lang='lat'><em>-</em></span> <span class='ocrx_word' id='word_1_204' title='bbox 358 3666 591 3750; x_wconf 88' lang='lat' dir='ltr'><strong>Discussasque</strong></span> <span class='ocrx_word' id='word_1_205' title='bbox 604 3673 737 3738; x_wconf 85' lang='lat' dir='ltr'><strong>domos:</strong></span> <span class='ocrx_word' id='word_1_206' title='bbox 754 3673 894 3738; x_wconf 82' lang='lat' dir='ltr'><strong>volitant</strong></span> <span class='ocrx_word' id='word_1_207' title='bbox 907 3694 928 3736; x_wconf 88' lang='lat' dir='ltr'><strong>a</strong></span> <span class='ocrx_word' id='word_1_208' title='bbox 941 3675 1086 3762; x_wconf 80' lang='lat' dir='ltr'><strong>culmine</strong></span> <span class='ocrx_word' id='word_1_209' title='bbox 1100 3686 1218 3761; x_wconf 86' lang='lat' dir='ltr'><strong>raptae</strong></span> 
     </span>
     <span class='ocr_line' id='line_1_33' title="bbox 358 3775 1123 3870; baseline 0.014 -34"><span class='ocrx_word' id='word_1_210' title='bbox 358 3775 493 3838; x_wconf 85' lang='lat' dir='ltr'><strong>Detecto</strong></span> <span class='ocrx_word' id='word_1_211' title='bbox 509 3775 707 3846; x_wconf 84' lang='lat' dir='ltr'><strong>Garamante</strong></span> <span class='ocrx_word' id='word_1_212' title='bbox 721 3797 823 3846; x_wconf 79' lang='lat' dir='ltr'><strong>casae.</strong></span> <span class='ocrx_word' id='word_1_213' title='bbox 839 3781 914 3846; x_wconf 86' lang='lat' dir='ltr'><strong>Non</strong></span> <span class='ocrx_word' id='word_1_214' title='bbox 924 3781 1022 3850; x_wconf 78' lang='lat' dir='ltr'><strong>altius</strong></span> <span class='ocrx_word' id='word_1_215' title='bbox 1034 3779 1123 3870; x_wconf 74' lang='lat' dir='ltr'><strong>iguis</strong></span> 
     </span>
    </p>
   </div>
   <div class='ocr_carea' id='block_1_5' title="bbox 0 0 1416 4880">
    <p class='ocr_par' dir='ltr' id='par_1_14' title="bbox 0 0 1416 4880">
     <span class='ocr_line' id='line_1_34' title="bbox 0 0 1416 4880; baseline 0 8"><span class='ocrx_word' id='word_1_216' title='bbox 0 0 1416 4880; x_wconf 95' lang='lat' dir='ltr'><strong> </strong></span> 
     </span>
    </p>
   </div>
  </div>
 </body>
</html>
