2852 4878
394 371 432 434 »a
645 363 1089 456 rulnslur'ne
1189 361 1316 454 ures.

389 513 545 580 Deseritis
560 515 666 600 ripas,
687 527 720 580 et
733 527 886 601 apertum
901 518 1053 606 gentibus
1069 523 1195 586 orbem.

429 621 565 702 Caesar,
584 631 621 683 ut
637 621 817 686 immensae
833 626 970 688 collecto
986 626 1106 690 robore
1119 626 1208 692 vires

386 727 541 796 Audendi
556 727 684 792 maiora
700 725 800 793 fidem
812 732 935 815 iecere,
954 751 1164 815 peromnem

386 835 557 923 Spargitur
574 834 716 916 ltaliam,
734 834 911 918 ncinaque
925 837 1058 902 moenia
1070 841 1224 924 complet.

386 935 482 1001 Vana
499 957 632 1020 quoque
645 939 688 1000 ad
703 957 799 1001 veros
814 939 947 1007 accessit
964 941 1054 1004 fama
1070 941 1220 1023 timores,

385 1045 573 1129 Irrupitque
589 1045 716 1108 annuos
731 1045 863 1130 populi,
884 1048 1078 1129 clademque
1094 1047 1242 1112 futuram

384 1148 512 1230 Intulit,
533 1159 568 1212 et
581 1151 679 1212 velox
691 1151 897 1234 properantis
911 1154 1124 1220 nuntia'belli

383 1255 577 1318 Innumeras
595 1255 691 1318 solvit
706 1251 788 1331 falsa
799 1255 836 1318 in
850 1257 1027 1339 praeconia
1037 1257 1179 1348 linguas.

383 1361 437 1424 Est
448 1360 524 1442 qui,
544 1361 706 1424 tauriferis
724 1360 783 1426 ubi
799 1383 834 1426 se
851 1363 1005 1428 Mevania
1027 1366 1150 1450 campis

380 1469 544 1552 Explicat,
558 1472 696 1533 audaces
714 1489 812 1532 ruere
826 1470 863 1534 in
882 1470 1061 1536 certamina
1075 1481 1202 1539 turmas

380 1578 527 1659 Adferat,
547 1586 595 1659 et,
606 1595 673 1657 qua
683 1579 749 1637 Nar
760 1574 918 1640 Tiberino
933 1577 1081 1641 illabitur
1098 1579 1209 1663 amni,

379 1681 567 1747 Barbaricas
582 1681 672 1746 saevi
692 1678 873 1744 discurrere
891 1681 1036 1746 Caesaris
1048 1683 1135 1746 alas:
1243 1709 1246 1716 ·

378 1789 491 1870 Ipsu‘m
509 1805 624 1848 omnes
636 1783 778 1866 aquilas,
799 1785 983 1866 collataque
999 1784 1094 1872 sigua
1104 1787 1287 1872 ferentem,

377 1893 518 1980 Agmine
533 1911 601 1953 non
615 1909 701 1972 uno,
719 1887 891 1970 densisque
906 1869 1061 1954 incedere
1075 1891 1198 1956 castris.
1299 1909 1302 1914 '

377 1999 457 2078 Nec,
474 1999 608 2078 qualern
621 1994 816 2075 meminere,
830 1993 961 2056 vidente
973 1994 1163 2077 maiorque,
1180 1997 1347 2079 ferusque

376 2105 544 2168 Mentibus
556 2101 715 2182 occurrit,
732 2099 886 2180 victoque
900 2099 1081 2164 inmanior
1091 2103 1195 2165 hoste.
1278 2107 1348 2180 480

375 2214 474 2274 Hunc
491 2208 578 2270 inter
600 2207 755 2268 Rhenum
773 2207 915 2287 populos
933 2207 1117 2290 Alpemque
1134 2207 1296 2290 iacentes,

372 2313 508 2378 Pinihus
520 2310 663 2393 Arctois,
677 2309 849 2393 patriaque
866 2313 908 2374 ab
924 2313 1002 2376 sede
1013 2315 1161 2377 revulsos

353 2421 464 2500 ,Pone
482 2414 594 2498 sequi,
608 2413 795 2495 iussamque
816 2403 892 2478 feris
903 2415 1086 2501 agentibus
1102 2417 1240 2498 Urbem,

372 2527 525 2586 Romano
536 2527 719 2604 spectante,
738 2519 821 2603 rapi.
841 2517 893 2583 Sic
907 2520 1047 2601 quisque
1063 2523 1217 2604 pavendo

372 2633 438 2694 Dat
455 2628 542 2692 vires
560 2628 687 2689 famae:
705 2627 865 2706 nulloque
882 2636 1016 2690 auctore
1036 2629 1217 2710 malorum,

372 2737 466 2822 Quae
477 2731 619 2813 finxere,
636 2729 762 2794 timent.
781 2730 847 2793 Nec
865 2731 974 2794 solum
989 2732 1110 2817 vulgus
1124 2731 1219 2796 inani

371 2843 565 2904 Percussum
583 2847 706 2902 terrore
718 2845 839 2920 pavet;
857 2837 915 2899 sed
936 2835 1027 2899 curia
1044 2846 1077 2899 et
1088 2837 1153 2920 ipsi

284 2951 288 2959 '
371 2942 509 3006 Sedibus
522 2941 683 3005 exsiluere
700 2943 827 3022 Patres,
845 2933 1017 3020 invisaque
1033 2939 1115 3009 belli

370 3049 566 3114 Consulibus
583 3048 713 3133 fugiens
730 3047 866 3108 mandat
880 3047 1011 3108 decreta
1022 3047 1168 3110 Senatus.
1207 3049 1211 3056 '

367 3143 1322 3243 Tuin,quaetutapetant,'etquaemetuendarelinquant,

367 3258 503 3340 Incerti,
515 3277 582 3338 quo
592 3277 758 3342 quemque
768 3255 866 3340 fugae
884 3255 958 3320 tulit
973 3257 1129 3342 impetus,
1142 3269 1240 3346 urget

367 3364 582 3450 Praecipitem
593 3364 770 3448 populum,
790 3363 939 3444 serieque
951 3363 1129 3428 haerentia·
1140 3365 1241 3448 longa

366 3469 507 3558 Agmina
531 3474 767 3551 prorumpunt:
786 3465 913 3547 credas,
929 3473 987 3527 aut
1002 3474 1086 3528 tecta
1100 3465 1264 3538 nefandas

366 3573 569 3659 Corripuisse
591 3574 692 3655 faces,
710 3581 767 3633 aut
784 3571 851 3634 iam
867 3569 1035 3652 quatiente
1046 3568 1145 3632 ruina

365 3690 522 3748 Nutantes
532 3682 676 3764 pendere
694 3681 821 3762 domos.
833 3678 887 3742 Sic
917 3681 1000 3742 urba
1014 3698 1075 3761 per
1091 3679 1210 3746 urbem

366 3783 541 3868 Praecipiti
551 3785 724 3869 lymphata
740 3783 863 3870 gradu,
878 3689 968 3847 ritus
978 3781 1082 3846 'unica
1091 3785 1192 3850 rebus
