2824 4880
357 387 418 451 236
621 381 1068 447 uuansnmaa
1160 392 1282 476 Mli-

355 527 537 592 Ardenlem
550 529 687 588 tenuere
701 522 829 607 virum,
844 522 929 608 quin
940 543 1097 614 spargere
1109 524 1206 616 signu

354 635 520 716 luderet,
533 630 675 714 totisque
689 632 804 696 furens
819 631 1008 714 exquireret
1021 621 1129 721 agris,

355 742 447 826 Quas
457 739 615 823 poscebat
628 757 731 819 equas
744 737 860 804 sitiens
873 737 911 802 in
926 739 1027 802 corde
1042 759 1225 804 venenum.

353 845 419 910 Ille
430 844 486 908 vel
498 841 534 905 in
545 841 675 906 Tanain
683 842 815 925 missus,
829 844 1115 926 Rhodanumque,
1128 843 1322 929 Padumque

354 956 513 1036 Arderet,
528 952 707 1034 Nilumque
724 951 842 1016 bibens
858 971 1013 1035 perrara
1026 962 1217 1040 regentem.

355 1054 500 1122 Accessit
513 1054 618 1126 morti
629 1055 753 1140 Libye,
767 1055 893 1138 latique
910 1056 1076 1122 minorem

355 1161 493 1225 Famam
508 1157 626 1242 Dipsas
644 1161 745 1224 hebet
761 1158 856 1224 terris
875 1159 991 1224 adiuta
1007 1159 1158 1244 perustis·

356 1267 526 1330 Scrutatur
538 1281 641 1327 venas
654 1263 788 1348 penitus
801 1265 983 1346 squalem'u
997 1285 1134 1334 menses

355 1369 453 1432 Nunc
467 1365 554 1430 redit
566 1367 611 1430 ad
628 1368 757 1452 Syrtes,
773 1379 806 1433 et
820 1371 938 1434 fluetus
954 1369 1076 1454 recipit
1090 1385 1172 1451 cre3

356 1475 616 1556 Aequoreusque
630 1476 755 1557 placet,
773 1476 832 1540 sed
844 1496 917 1540 non
931 1485 967 1542 st
983 1476 1120 1567 suffieit,
1132 1481 1266 1548 humor.

356 1581 426 1642 Nec
437 1577 537 1642 sentit
553 1579 679 1662 fatique
691 1601 814 1666 genus,
830 1582 1039 1664 morlemquc
1055 1585 1194 1664 veneni3

356 1687 423 1749 Sed
438 1693 621 1770 putaterse
637 1683 742 1748 sitime
760 1683 915 1768 ferroque
931 1686 1063 1770 aperire
1083 1697 1248 1756 tumentes

357 1788 520 1853 Sustinuit
538 1808 655 1872 venas,
673 1798 774 1870 atque
791 1809 828 1855 os
844 1787 988 1875 implere
1003 1813 1130 1858 mucre.

398 1895 497 1964 Iussit
510 1897 608 1985 signe
618 1897 695 1982 rapi
713 1917 857 1983 propere
873 1901 976 1964 Cato:
993 1899 1118 1964 discere
1136 1901 1223 1968 nuli

358 2005 559 2072 Permissum
576 2007 704 2070 esthon
720 2025 816 2090 posse
829 2003 1013 2083 etlumen
1028 2006 1153 2071 tristior
1166 2007 1228 2076 illa

357 2113 451 2174 Mors
461 2120 532 2174 erat
541 2121 617 2174 ante
630 2111 762 2176 oeulos:
777 2107 956 2192 miserique
969 2108 1008 2172 in
1016 2131 1112 2176 crure
1125 2111 1251 2178 Sabelli
1268 2115 1320 2197 76³

359 2219 440 2300 Seps
453 2214 542 2280 stetit
561 2215 717 2302 exiguus,
740 2233 842 2296 quem
859 2214 947 2276 llexo
961 2215 1060 2278 decute
1073 2224 1225 2282 tenacem

358 2323 555 2404 Avulsitque
566 2343 668 2388 manu
677 2369 688 2406 ‚
706 2322 843 2410 piloque
856 2323 973 2391 adfixit
990 2328 1109 2394 arenis.

359 2431 467 2494 Parve
484 2430 587 2494 modo
599 2449 745 2514 serpens3
760 2432 820 2494 sed
831 2451 933 2511 quam
940 2452 1011 2496 non
1023 2434 1095 2498 ulla
1108 2444 1266 2500 cruentae

359 2538 506 2602 Tantum
519 2535 638 2602 mortis
643 2537 753 2600 habet.
770 2537 855 2600 Num
866 2537 985 2626 plagae
996 2538 1149 2622 proxima
1163 2539 1287 2606 circum
1389 2557 1390 2606 ι

360 2644 462 2729 Fugit
475 2654 569 2727 rapta
585 2642 685 2724 cutis,
701 2644 930 2726 pallentiaque
942 2665 1016 2710 ossa
1030 2645 1160 2712 retexit.

361 2743 540 2827 Iamque
513 2766 589 2810 sunu
604 2746 681 2808 laxo
694 2747 824 2808 nudum
835 2745 965 2811 estsine
975 2767 1118 2832 eorpore
1133 2751 1267 2816 vulnus.

362 2855 517 2918 Membra
531 2861 647 2918 natant
661 2851 767 2922 mie:
783 2871 880 2918 surae
892 2856 1031 2920 fluxere:
1049 2856 1122 2920 sine
1136 2858 1208 2922 ullo

362 2958 526 3047 Tegmine
539 2960 656 3043 poples
667 2967 753 3022 erat:
771 2958 937 3025 semorum
952 2980 1085 3042 quoque
1100 2964 1269 3029 musculus

364 3279 517 3346 Dissiluit
528 3277 692 3366 stringens
708 3287 840 3362 uterum¹
856 3281 1050 3342 membrana
1057 3280 1256 3362 ,fluuntque

352 3383 516 3459 Viscera:
531 3403 608 3465 nec,
620 3389 782 3464 quantum
795 3389 865 3444 toto
881 3382 922 3444 de
938 3399 1077 3464 eorpcre
1091 3383 1210 3467 debet,

364 3487 523 3554 Effluitin
537 3495 655 3566 terras3
671 3505 807 3550 saevum
818 3485 1039 3576 sedmembra
1049 3507 1220 3552 venenum

365 3590 548 3676 Decoquit‚
561 3593 598 3656 in
608 3592 786 3656 minimum
796 3606 885 3657 mors
895 3595 1060 3660 contrahit
1070 3594 1186 3660 omnia
1194 3595 1293 3670 virus·

366 3701 510 3767 Vincula
520 3721 717 3787 nervorum,
731 3711 764 3766 et
773 3704 914 3766 laterum
924 3713 1068 3790 textura,
1077 3725 1267 3790 ,carumque

368 3805 500 3887 Pectus,
516 3814 548 3871 ct
564 3807 752 3875 abstrusum
771 3805 863 3872 fibris
877 3808 1050 3891 vitalibus;
1066 3828 1167 3874 omne
