2824 4880
374 429 435 490 nto
635 397 1082 469 recusante
1128 424 1132 428 ·
1175 402 1295 488 utht.

371 551 607 645 Exiguanevic
623 557 731 645 legem
745 553 969 620 convertimus
982 549 1102 620 annii

372 663 486 730 Imus
476 683 512 727 sn
524 663 679 730 adversos
691 679 784 724 axes.
797 657 986 722 evolvimur
998 663 1098 724 orbes

372 769 481 858 Terga
494 769 611 830 damus
626 761 775 831 ferienda
781 767 876 828 Noto.
889 767 986 828 Nunc
995 757 1158 828 forsitan
1146 779 1221 849 apsa
1233 755 1293 836 esi
1388 703 1389 832 i

372 877 443 940 Sub
454 873 623 960 pedibus'
612 893 680 936 ram
696 875 805 938 Roma
818 871 910 936 meis·
925 871 1053 936 Solatia
1064 871 1125 934 isti

371 981 464 1044 Haec
471 977 615 1064 petimus
624 997 633 1040 τ
642 975 779 1040 veniant
792 977 915 1057 hostes,
928 977 1113 1058 Caesarque
1122 983 1283 1058 sequatur
1388 1027 1389 1060 ,

372 1087 448 1171 Qua
460 1083 616 1170 fugimus.
627 1080 680 1146 Sic
689 1083 773 1144 dura
782 1099 859 1144 suos
871 1079 1031 1163 patientia
1045 1091 1179 1162 questus

371 1191 552 1267 Exonerat:
565 1185 654 1273 cogit
668 1195 776 1248 tantos
787 1185 929 1247 tolerare
942 1185 1074 1248 labores

372 1299 508 1360 Summa
518 1293 616 1358 ducis
630 1291 751 1374 virtus,
766 1291 826 1373 qui
842 1292 934 1354 nuda
947 1290 1040 1354 fissus
1053 1308 1155 1354 arena
1325 1363 1329 1381 ἱ

372 1403 533 1484 Excubat,
545 1410 644 1482 atque
659 1399 753 1462 omni
766 1401 947 1460 Fortunam
962 1407 1123 1480 provocat
1137 1399 1235 1462 hora.

373 1507 538 1574 Omnibus
553 1525 639 1570 unus
656 1507 747 1571 adest
761 1505 851 1570 satist
865 1521 1065 1590 quocunque
1079 1515 1217 1571 vocotus
1388 1501 1389 1512 ’

371 1612 525 1692 Advolat,
538 1619 638 1692 atque
647 1608 764 1696 ingens
776 1608 948 1690 meritum',
963 1608 1135 1690 maiusque
1150 1607 1258 1673 salute

372 1716 535 1800 Contulit,
545 1717 582 1782 in
596 1717 701 1780 letum
712 1717 817 1780 vireat
830 1715 1017 1800 puduitque
1026 1727 1217 1802 gementem

371 1821 436 1884 lllo
449 1830 529 1883 teste
546 1820 644 1883 mori.
665 1823 766 1905 Quod
777 1820 830 1885 ius
839 1821 1006 1888 habuisset
1021 1821 1058 1882 in
1068 1821 1181 1904 ipsum

370 1929 448 1992 Ulla
460 1929 552 1992 lues?
565 1948 658 1992 casus
671 1927 782 1992 alieno
796 1927 833 1992 in
850 1939 985 2012 pectore
996 1929 1118 2013 vincit,

370 2037 608 2120 Spectatorque
622 2036 718 2098 docet
733 2047 872 2122 magnos
886 2033 936 2098 nil
951 2055 1047 2118 posse
1059 2037 1202 2100 dolores.

411 2142 477 2210 vix
488 2141 616 2206 miseris
630 2161 741 2206 serum
758 2149 850 2204 tanto
865 2143 985 2206 lassata
996 2141 1123 2225 periclo
1276 2137 1328 2223 890

368 2251 541 2317 Auxilium
553 2253 699 2314 Fortuna
712 2249 813 2313 dedit.
830 2250 919 2312 Gens
930 2249 1030 2313 unica
1044 2245 1147 2316 meras

368 2355 490 2420 incolit
507 2373 639 2419 asaevo
651 2364 842 2438 serpentum
858 2353 996 2418 innoxia
1013 2373 1142 2436 morsu,

368 2461 591 2530 Marmaridae
604 2459 725 2546 Psyllis
743 2481 806 2545 par
817 2459 934 2548 lingua
947 2459 1138 2546 potentibus
1153 2459 1283 2527 herbiss

368 2569 443 2651 Ipse
457 2587 556 2630 csuor
570 2563 673 2650 tutu's,
690 2567 889 2648 nullumque
903 2555 1076 2648 admittere
1086 2567 1193 2652 virus,

367 2673 434 2741 Vel
447 2681 544 2736 centu
558 2681 719 2754 cessante,
731 2681 848 2755 potest.
864 2675 988 2735 Natura
1003 2673 1158 2735 locorum·

368 2777 466 2842 lussit
478 2789 514 2843 ut
527 2779 692 2842 immunes
704 2777 800 2842 mixti
813 2778 1022 2861 serpentibus
1036 2785 1153 2842 essent.
1388 2741 1389 2814 d

368 2884 497 2948 Profuit
509 2885 546 2948 in
560 2883 679 2948 mediis
695 2885 808 2948 sedem
826 2883 974 2966 posuisse
988 2880 1133 2946 venenis.

367 2995 437 3058 Pax
452 2994 520 3059 ilh's
536 3015 612 3060 cum
626 3004 733 3058 morte
748 2996 825 3058 data
837 2999 895 3058 est.
914 2994 1050 3057 Fiducia
1062 2997 1155 3056 'tanta
1170 3001 1221 3056 est

367 3101 560 3190 Sanguinis:
578 3101 614 3166 in
630 3111 753 3166 terram
766 3121 889 3185 parvus
900 3123 976 3166 curn
989 3099 1111 3164 decidit
1125 3100 1250 3184 intans,

252 3195 257 3202 ”
367 3209 498 3289 Neque
514 3209 557 3272 sit
574 3218 729 3273 externae
738 3203 878 3272 Veneris
891 3206 1036 3271 mixtura
1053 3206 1205 3270 timentes
1211 3249 1222 3290 ,

367 3309 504 3375 Letifica
516 3311 635 3375 dubios
650 3313 825 3396 explorant
837 3311 951 3396 aspide
962 3321 1088 3396 pentus.

367 3419 477 3498 thue
490 3417 578 3482 lovis
590 3419 741 3501 volucer,
751 3419 859 3482 calido
874 3439 951 3484 cum
967 3417 1107 3502 protulit
1120 3431 1202 3482 oso*

367 3521 547 3604 Implumes
562 3530 672 3604 natos,
685 3521 763 3586 solis
777 3522 940 3585 convertit
950 3523 993 3584 ad
1005 3530 1116 3584 ortus:

367 3625 436 3711 Qui
451 3636 589 3709 potuere
602 3627 671 3711 pati
685 3627 812 3710 radios,
826 3636 860 3690 et
874 3627 1001 3690 lumine
1016 3636 1106 3690 reato

366 3731 556 3796 Sustinuere
570 3733 671 3816 diem,
686 3732 772 3796 coeli
783 3742 957 3796 servantur
969 3732 1007 3794 in
1019 3753 1115 3812 usus3

367 3837 436 3927 Qui
447 3839 582 3904 Phoebo
596 3859 735 3926 cessere,
748 3840 858 3908 iacent
869 3862 878 3904 ε
890 3841 936 3906 sic
951 3839 1092 3930 pignora
1108 3840 1218 3929 gentis
1258 3878 1260 3886 π
1388 3853 1389 3908 l
