2824 4880
292 419 499 490 utana
538 429 657 512 v1-11.
698 449 730 493 v.
753 431 822 516 aas.
961 483 962 487 a
987 439 1044 521 19⁵

43 623 45 626 .
81 565 277 631 Parthorum
287 569 433 634 Fortuna
446 573 568 654 pedes?
582 572 665 654 quid
678 575 849 662 transfuga
862 577 981 644 mundi
1029 603 1033 608 ·

81 674 256 738 Terrarum
272 685 358 740 totos
371 687 506 762 tractus,
526 671 724 764 coelumque
741 703 894 767 perosus,

80 784 285 874 iteransque
298 783 599 871 polos,alieneque
615 787 722 852 sidera
736 777 884 874 quaeris,
939 811 945 818 ·
1007 777 1016 798 ⁰
1072 839 1077 851 ,

82 882 264 954 Chaldaeos
279 891 408 954 culture
418 891 511 967 iocos
524 905 557 957 et
574 894 717 958 barbara
735 917 843 980 sacra,

82 993 277 1058 Parthorum
295 995 560 1079 famulusiquid
578 1017 675 1061 causa
692 1000 887 1062 obtenditur
897 1003 1000 1072 armis

82 1097 253 1162 Libertatis
269 1102 389 1164 amor?
404 1102 562 1168 miserum
577 1101 659 1182 quid
674 1103 798 1185 decipis
813 1105 945 1190 orbem,

83 1203 114 1268 Si
128 1205 254 1268 servire
266 1207 384 1290 potes?
401 1216 446 1288 te,
462 1225 565 1288 quem·
576 1208 728 1270 Romana
743 1220 914 1295 regentem
958 1203 961 1212 '

83 1313 222 1377 Horruit
234 1313 366 1396 auditu,
385 1333 487 1396 quem
501 1325 613 1398 captos
631 1317 751 1376 ducere
769 1339 864 1402 reges

84 1420 174 1485 Vidit
188 1422 233 1484 ab
244 1422 430 1506 Hyrcanis,
443 1424 594 1504 Indoque
613 1442 633 1484 a
648 1423 760 1506 litore,
778 1425 887 1509 silvis,

84 1522 255 1586 Deiectum
269 1523 361 1607 iatis,
376 1525 538 1588 humilem
557 1527 766 1608 fractumque
780 1526 924 1612 videbit,

83 1625 291 1710 Extolletque
309 1627 439 1692 animos
457 1630 590 1695 Latium
606 1628 748 1694 vesanus
765 1631 800 1694 in
822 1634 957 1716 orbem,

85 1733 122 1794 Se
135 1729 238 1796 simul
251 1741 284 1798 et
299 1735 457 1818 Romam,
471 1734 631 1818 Pompeio
647 1735 810 1818 supplice,
827 1737 985 1802 mensus?

15 1845 16 1908 f
84 1839 137 1902 Nil
153 1841 276 1906 animis
286 1840 427 1924 fatisque
446 1841 511 1905 tuis
526 1835 670 1904 effabere
683 1830 843 1928 dignum:

85 1945 375 2034 Exigetignorans
387 1932 500 2010 latiae
514 1947 716 2011 'commercia
732 1947 884 2034 linguae,

84 2053 128 2114 Ut
143 2051 292 2116 lacrimis
309 2073 360 2136 se,
373 2056 513 2138 Magne,
527 2073 633 2138 roges.
647 2052 840 2114 Patimurne
855 2051 994 2136 pudoris
1035 2048 1037 2058 '

85 2159 157 2222 Hoc
169 2161 307 2243 vulnus,
325 2161 434 2224 clades
449 2169 487 2222 ut
502 2159 636 2221 Parthia
650 2157 799 2222 vindicet
809 2170 890 2221 ante
917 2169 919 2174 ’
990 2159 1051 2224 tto

86 2263 279 2348 Hesperias,
298 2285 399 2348 quam
413 2267 522 2328 Roma
541 2265 639 2327 suast
650 2263 802 2333 civilibus
817 2263 919 2328 armis

86 2369 194 2458 Elegit
213 2380 243 2434 te
261 2391 383 2455 nempe
396 2373 526 2436 ducem.
547 2371 639 2457 Quid
649 2369 789 2435 vulnera
806 2381 919 2434 nostra
947 2395 970 2406 ··

86 2473 125 2538 Iu
138 2475 311 2558 Scydricos
320 2477 447 2566 spargis
463 2479 622 2560 populos,
637 2479 813 2559 cladesque
829 2477 994 2542 latentesi¹

15 2661 16 2668 ἵ
87 2575 178 2662 Quid
190 2579 327 2643 Parthos
346 2580 484 2644 transire
499 2581 620 2644 uoces?
632 2579 750 2644 solatia
765 2579 849 2643 tanti

87 2683 200 2750 Perdit
214 2689 323 2753 Roma
338 2688 436 2772 mali,
456 2689 567 2752 nullos
586 2671 762 2752 admittere
776 2707 888 2776 reges,

87 2787 154 2849 Sed
169 2787 234 2852 civi
247 2787 372 2853 servire
387 2810 458 2854 suo.
479 2792 576 2880 luvet
591 2789 640 2853 ire
657 2811 719 2874 per
734 2791 851 2853 urbem

88 2899 272 2963 Ducentem
288 2917 401 2962 saevas
417 2901 570 2962 Romana
582 2898 620 2960 in
636 2897 770 2960 moenia
783 2906 912 2984 gentes,

15 2999 17 3004 ’
89 3001 256 3090 Signaque
270 3003 313 3066 ab
325 3003 494 3086 Euphrate
509 3023 586 3066 cum
601 3001 723 3067 Crassis
735 3014 831 3086 capta
843 3001 1057 3085 sequentem?
1159 2991 1162 2997 ⁴

89 3107 157 3194 Qui
170 3108 260 3171 solus
274 3122 408 3194 regum,
421 3107 490 3172 fato
505 3110 631 3172 celante
649 3109 817 3192 favorem,

87 3213 204 3276 Defuit
219 3211 409 3296 Emathiae,
425 3233 516 3276 nunc
530 3221 635 3276 tantas
647 3211 707 3274 ille
719 3213 856 3274 lacesset

88 3317 204 3382 Auditi
216 3317 350 3382 victoris
367 3337 462 3400 opes,
480 3326 537 3379 aut
554 3317 694 3402 iungere
711 3317 779 3380 lata

82 3427 234 3506 Tecum,
244 3426 381 3509 Magne,
395 3425 508 3489 volet?
525 3444 595 3486 non
608 3425 692 3511 lraec
705 3421 827 3486 fiducia
840 3421 933 3510 genti
945 3429 1004 3492 est.

90 3531 210 3596 Omnis
221 3529 393 3596 inArctois
405 3532 551 3616 populus
566 3531 757 3612 quicunque
772 3529 902 3613 pruinis

89 3639 261 3722 Nascitur,
274 3639 456 3702 indomitus
475 3637 587 3721 bellis,
606 3648 638 3700 et
653 3637 770 3700 mortis
784 3641 924 3700 amator.

89 3743 267 3830 Quidquid
277 3747 321 3808 ad
332 3745 417 3810 Eoos
427 3754 564 3826 tractus,
578 3741 762 3824 mundique
779 3728 929 3826 teporem

91 3847 249 3936 Labitur,
264 3849 390 3917 emollit
405 3857 519 3939 gentes
534 3845 709 3920 clementia
722 3846 817 3926 coeli.
