2824 4880
341 457 547 522 LIBER
586 460 655 524 lx.
696 479 823 544 v.971.
999 465 1057 538 243

90 599 257 666 Anchisae
271 601 451 667 thalamos:
468 623 535 684 quo
551 603 652 666 iudex
668 605 789 668 sederit
806 609 919 667 antroz

91 711 193 772 Unde
206 729 290 795 puer
302 720 415 792 raptus
430 712 540 774 coelo:
559 729 627 794 quo
643 712 767 774 vertice
780 711 858 775 Nais

91 817 227 881 Luserit
241 818 396 880 Oenone:
414 816 608 908 nullusnest
623 817 694 882 sine
709 818 847 882 nomine
862 838 989 882 saxum.

91 921 224 985 Inscius
237 921 274 986 in
290 913 578 1003 sicco'serpentem
593 923 731 1003 pulvere
748 922 859 986 rivum

92 1026 299 1108 Transierat,
314 1026 373 1107 qui
388 1027 539 1090 Xanthus
553 1035 640 1088 erat:
653 1045 787 1088 seourus
803 1027 840 1089 in
858 1029 926 1091 alto

95 1127 257 1196 ¹(tramine
269 1132 414 1215 ponebat
430 1149 576 1216 gressus3
596 1133 708 1214 Phryx
721 1130 831 1195 incola
847 1149 961 1198 manes

94 1233 280 1298 Hectoreos
296 1234 423 1294 calcare
437 1243 536 1294 vetat.
555 1231 706 1296 Discussa
723 1232 876 1295 iacebant

95 1339 201 1420 Saxa,
214 1359 276 1402 nee
289 1338 389 1403 ullius
402 1339 521 1403 faeiem
537 1340 705 1404 servantia
722 1340 823 1403 sacri:

95 1446 260 1529 Hermas,
272 1455 471 1510 monstrator
484 1445 545 1526 ait,
560 1465 629 1508 non
644 1445 779 1528 respicis
794 1445 891 1512 aras?

109 1600 121 1622 .
142 1549 174 1612 O
187 1568 279 1612 sacer
296 1560 328 1612 et
342 1569 484 1635 magnus
497 1531 611 1612 vatum
623 1552 733 1630 labor,
747 1548 860 1612 omnia
873 1551 943 1614 lato

98 1653 224 1738 Eripis,
241 1665 274 1719 et
290 1655 424 1738 populis
438 1655 542 1718 donas
555 1653 749 1717 mortalibus
766 1673 897 1718 aevum.

98 1758 235 1824 Invidia
248 1778 377 1842 sacrae,
390 1762 526 1840 Caesar,
537 1779 579 1822 ne
593 1767 727 1844 tangere
742 1757 869 1820 famae:

100 1867 202 1948 Nam,
217 1865 342 1948 siquid
358 1865 460 1929 Latiis
476 1865 525 1929 fas
543 1875 590 1929 est
606 1864 799 1948 promittere
811 1859 929 1943 Musis,

101 1973 274 2056 Quantum
289 1972 465 2058 Smyrnaei
481 1973 649 2034 durabunt
664 1968 747 2031 vatis
761 1969 924 2048 honores,

100 2073 245 2139 Venturi
258 2095 328 2158 me,
345 2084 443 2156 teque
457 2077 584 2161 legent:
603 2070 770 2136 Pharsalia
788 2081 899 2132 nostra
985 2131 988 2140 ,

101 2176 219 2262 Vivet,
235 2190 267 2247 et
280 2200 300 2242 a
313 2183 407 2244 nullo
424 2178 567 2242 tenebris
584 2175 817 2240 damnabimur
832 2192 928 2236 aev0s
1010 2177 1069 2258 986

145 2287 191 2347 Ut
204 2285 297 2350 ducis
309 2283 460 2368 implevit
471 2281 559 2347 visus
571 2263 762 2344 veneranda
774 2285 934 2360 vetustas,

104 2390 220 2458 Erexit
232 2389 356 2454 subitas
373 2399 531 2477 congestu
549 2387 678 2472 cespitis
695 2405 782 2469 aras,

105 2498 259 2577 Votaque
275 2497 466 2560 turicremos
482 2515 551 2564 non
566 2494 660 2556 irrita
673 2492 760 2555 fudit
777 2491 814 2552 in
827 2489 935 2576 ignes:

104 2597 152 2670 Di
166 2605 330 2689 cinerum,
344 2605 506 2690 Phrygias
519 2602 626 2666 colitis
644 2599 835 2680 quicunque
851 2596 979 2678 ruinas,

107 2713 305 2792 Aeneaeque
318 2710 402 2793 mei,
415 2730 497 2791 quos
511 2728 601 2771 nune
617 2703 756 2768 Lavinia
768 2705 861 2768 sedes

108 2819 225 2880 Servat
241 2826 273 2879 et
283 2818 368 2879 Alba
384 2817 485 2898 lares,
497 2823 530 2877 et
545 2833 689 2894 quorum
703 2813 793 2876 lueet
806 2809 843 2871 in
856 2806 923 2872 aris
1106 2893 1111 2904 ι

108 2919 202 3006 Ignis
211 2922 320 2983 adhue
332 2919 514 3007 Phrygius,
527 2918 678 2999 nullique
693 2919 848 2999 adspecta
862 2914 1013 2977 virorum

108 3023 235 3104 Pallas,
245 3022 282 3084 in
299 3025 448 3087 abstruso
458 3022 579 3109 pignus
595 3021 812 3085 memorabile
832 3022 973 3104 templo,

112 3121 226 3186 Gentis
240 3124 352 3188 Iiileae
365 3123 481 3186 vestris
495 3121 693 3187 clarissimus
707 3123 773 3186 aris

111 3228 178 3289 Dat
187 3228 243 3310 pia
261 3239 334 3292 tura
351 3250 468 3313 nepos,
482 3239 514 3292 et
527 3249 587 3293 vos
599 3229 636 3292 in
654 3232 731 3292 sede
746 3227 853 3312 priori
931 3283 934 3288 .

111 3327 190 3392 Rite
202 3343 318 3396 vocat:
335 3335 410 3396 date
424 3333 536 3397 felices
548 3333 585 3412 in
600 3345 707 3398 cetera
720 3355 850 3399 cursus:

112 3438 298 3502 Restituam
311 3443 464 3523 populos.
478 3443 580 3534 Grata
590 3441 661 3504 viee
679 3440 812 3507 moenia
829 3441 971 3504 reddent

115 3541 522 3633 AusonidaePhrygibus,
536 3545 753 3626 Romanaque
764 3546 924 3630 Pergama
932 3553 1080 3634 surgent.

117 3651 172 3716 Sic
186 3651 286 3734 satus,
297 3652 417 3735 repetit
430 3654 564 3734 classes,
578 3661 612 3713 et
626 3661 694 3714 tota
705 3651 858 3715 secundis

117 3757 202 3821 Vela
215 3757 305 3820 dedit
320 3755 426 3840 Coris,
445 3755 628 3836 avidusque
645 3764 783 3842 urgente
801 3757 949 3838 procella
982 3799 986 3808 ·

117 3859 236 3926 Iliacas
249 3881 388 3945 pensare
405 3879 527 3944 moras,
542 3859 718 3952 mumque
730 3867 901 3943 potentem
