2824 4880
346 441 405 504 att
597 423 1038 488 PHARSALIAE
1119 428 1268 486 v.1oo3.

343 565 567 646 Praevehitur,
578 519 762 648 pelagoque
775 563 919 624 Rhodon
934 569 1109 644 spumante
1123 560 1297 642 relinquit.

224 694 231 706 ¹
342 673 487 755 Septima
501 693 581 752 nox,
593 673 746 752 Zephyro
760 688 932 749 nunquam
944 671 1076 730 laxante
1088 669 1262 753 rudentes,

344 775 495 839 Ostendit
509 773 636 836 Phariis
647 774 810 858 Aegyptia
826 773 923 835 litora
941 771 1092 834 flammis.

342 883 407 946 Sed
422 880 514 963 prius
526 891 598 944 orta
614 880 684 942 dies
699 887 895 941 nocturnam
909 879 1064 958 lampada
1078 878 1175 960 texit,

343 989 453 1072 Quam
468 996 552 1049 tutas
566 986 704 1047 intraret
715 993 825 1064 aquas.
845 984 897 1045 Ihi
911 986 1011 1066 plena
1028 988 1173 1048 tumultu

342 1095 470 1176 litora,
488 1101 520 1158 et
534 1093 662 1155 incerto
676 1093 821 1152 turbatas
838 1110 1010 1152 murmure
1025 1109 1123 1154 voces
1240 1131 1244 1138 ·

342 1199 489 1282 Accipit:
505 1217 544 1260 ac
556 1195 666 1259 dubiis
679 1195 802 1256 veritus
816 1214 850 1256 se
866 1192 1001 1260 credere
1018 1193 1130 1278 regnis
1166 1270 1169 1273 ,

342 1301 508 1366 Abstinuit
524 1301 640 1362 tellure
658 1309 752 1361 rates.
773 1299 837 1359 Sed
850 1297 923 1358 dira
937 1300 1066 1360 satelles

342 1403 444 1489 Regis
462 1405 550 1464 dona
567 1403 692 1482 ferens,
702 1393 854 1462 'medium
871 1409 1045 1483 provectus
1058 1401 1095 1463 in
1112 1421 1256 1487 aequor,

343 1513 439 1572 Colla
453 1503 537 1595 gerit
550 1507 681 1594 Magni,
694 1507 814 1570 Phario
827 1507 993 1569 velamine
1007 1516 1105 1582 teeta;

342 1617 390 1678 Ac
402 1615 494 1697 prius
511 1614 650 1692 infanda
665 1615 875 1674 commendat
891 1611 1031 1674 crimina
1044 1633 1143 1677 voce:

342 1724 518 1784 Terrarum
534 1719 693 1800 domitor,
707 1721 877 1780 Romanae
894 1717 1039 1782 maxime
1053 1721 1182 1805 gentis,

342 1823 399 1902 Et,
412 1825 503 1904 quod
515 1825 625 1884 adhuc
639 1822 759 1902 nescis,
770 1842 893 1907 genero
910 1843 1024 1885 secure
1040 1835 1213 1908 peremto,

342 1929 415 1988 Rex
429 1925 490 1986 tihi
506 1926 654 1987 Pellaeus
668 1925 748 1987 belli
763 1925 942 2010 pelagique
956 1928 1087 1992 labores

341 2039 470 2117 Donat,
486 2043 534 2114 et,
551 2032 710 2094 Emathiis
725 2036 817 2112 quod
828 2035 937 2095 solum
954 2035 1059 2098 defuit
1076 2035 1192 2120 armis,

341 2143 500 2206 Exhihet:
517 2139 643 2205 ahse'nti
657 2131 783 2203 hellum
797 2141 894 2203 civile
914 2154 1085 2224 peractum
1104 2155 1161 2208 est.
1226 2149 1308 2208 1018

341 2243 544 2308 Thessalicas
560 2262 721 2323 quaerens
733 2245 875 2328 Magnus
888 2263 1043 2324 reparare
1055 2245 1182 2330 ruinas,

341 2351 427 2413 Ense
443 2347 529 2410 iacet
544 2353 671 2408 nostro:
689 2335 781 2407 tanto
800 2355 831 2408 te
849 2347 1005 2432 pignore,
1023 2353 1161 2434 Caesar,

342 2441 507 2518 Emimus:
519 2455 584 2516 hoc
599 2464 707 2516 tecum
724 2435 915 2536 percussum
929 2466 978 2519 est
991 2457 1154 2543 sanguine
1164 2457 1294 2524 foedus.

342 2562 465 2644 Accipe
477 2579 579 2646 regna
592 2560 711 2642 Phari,
726 2563 821 2623 nullo
840 2562 986 2642 quaesita
1001 2583 1138 2627 cruore:
1220 2563 1222 2566 ’

341 2666 462 2749 Accipe
474 2663 594 2728 Niliaci
611 2665 663 2728 ius
678 2665 834 2752 gurgitis:
849 2665 962 2749 accipe
980 2666 1144 2748 quidquid

339 2777 405 2836 Pro
418 2773 533 2858 Magni
543 2771 669 2836 cervice
684 2773 792 2850 dares3
810 2771 1015 2857 dignumque
1029 2772 1186 2836 clientem
1236 2765 1238 2768 ¹

339 2875 463 2940 Castris
481 2875 577 2938 crede
594 2873 675 2954 tuis,
695 2873 748 2935 cui
766 2883 893 2934 tantum
907 2873 978 2936 lata
995 2873 1096 2938 licere

338 2983 379 3044 In
394 3001 554 3068 generum
565 2981 700 3041 voluere
714 2987 818 3039 tuum.
838 2979 905 3040 Nec
922 2977 989 3040 vile
1001 2979 1128 3060 putarIs

339 3085 412 3145 Hoc
426 3081 597 3161 meritum,
612 3079 704 3141 facili
717 3081 813 3142 nohis
825 3083 916 3161 quod
927 3085 1026 3145 caede
1035 3092 1209 3166 peractum
1222 3091 1283 3148 est.

339 3191 467 3271 Hospes
479 3187 585 3250 avitus
604 3197 689 3250 erat:
707 3188 845 3268 depulso
863 3197 991 3270 sceptra
1007 3189 1137 3272 parenti
1197 3268 1206 3280 ἱ

338 3298 552 3381 Reddiderat.'
564 3295 652 3380 Quid
667 3298 763 3378 plura
773 3297 899 3358 feram?
918 3307 952 3360 tu
966 3298 1106 3362 nomina
1117 3306 1208 3361 tanto

337 3402 490 3486 Invenies
504 3399 619 3483 operi,
636 3401 690 3460 vel
707 3400 829 3460 famam
849 3403 984 3464 consule
1000 3402 1130 3464 mundi.

338 3503 373 3565 Si
390 3503 494 3565 scelus
507 3514 569 3585 est,
582 3505 657 3585 plus
671 3512 702 3564 te
716 3502 812 3565 nobis
829 3504 951 3566 dehere
962 3504 1087 3586 fateris,

337 3609 371 3670 Si
383 3611 488 3670 scelus
497 3607 639 3671 hoc'non
653 3594 723 3690 ipse
739 3605 828 3670 sacis.
843 3607 897 3668 Sic
910 3608 1011 3690 fatus,
1034 3617 1187 3693 opertum

335 3710 478 3792 Detexit,
500 3710 671 3792 tenuitque
684 3721 791 3794 caput.
811 3713 881 3774 Iam
891 3713 1050 3798 languida
1068 3723 1176 3777 morte

335 3812 467 3902 Effigies
481 3815 633 3880 habitum
652 3817 725 3881 noti
740 3827 925 3882 mutaverat
941 3817 1019 3884 oris.
