2824 4880
283 354 361 424 ab
403 348 720 424 PISONEM.
762 364 903 457 nsit„
1005 373 1063 452 273

92 500 258 572 caereus
278 507 362 572 sales
379 485 465 570 inter
484 504 638 568 convivia
654 505 767 590 possit.

93 610 160 671 Ista
176 607 295 691 procul
307 607 398 670 labes
402 651 413 690 ,
424 609 543 690 procul
552 610 635 671 haec
644 609 777 672 fortuna
789 612 930 700 refugit,

91 709 189 794 Piso,
200 721 308 798 mam,
318 714 521 794 venerande,
533 713 682 777 domum.
695 717 748 778 Tu
761 715 864 800 mitis,
879 728 911 781 et
925 713 995 787 acri
1009 751 1011 758 ·

92 821 280 902 Asperitate
293 833 426 903 carens,
442 820 617 904 positoque
631 835 692 906 per
705 825 819 886 omnia
832 825 938 911 fastu,
1028 898 1032 906 ,

92 924 189 988 Inter
198 933 237 987 nt
249 925 402 1004 aequales
417 943 503 990 unus
519 925 702 990 numeraris
719 927 861 996 amicos:

95 1029 370 1111 obsequiumque
381 1023 496 1114 doces,
516 1039 549 1095 et
562 1043 710 1096 amorem
720 1034 851 1116 quaeris
867 1039 1023 1104 amandos

20 1147 22 1152 '
95 1138 225 1202 Cuncta
238 1127 357 1201 domus
370 1136 464 1206 varia
479 1139 644 1201 cultorum
660 1151 816 1222 personat
831 1149 901 1204 arte
909 1189 920 1224 ,

95 1227 346 1330 Cunctamo'vet
358 1241 520 1305 studium:
535 1241 696 1305 nonenim
711 1243 867 1308 tibidura
879 1245 1041 1314 clientum
1067 1279 1070 1283 ·
1185 1299 1190 1316 t

92 1343 212 1406 Turba
225 1343 360 1408 rudis've
376 1345 501 1427 placet,
519 1344 640 1410 misero
653 1363 740 1428 quae
753 1350 837 1412 freta
851 1352 967 1418 labore

4 1449 6 1454 '
93 1452 153 1515 Nil
165 1451 391 1517 nisisubmoto
403 1452 496 1516 novit
507 1455 705 1536 praecedere
720 1457 843 1544 vulgos

93 1561 164 1624 Sed
179 1551 284 1623 virtus
298 1578 476 1624 numerosa
495 1559 599 1623 iuvat·
619 1561 670 1623 Tu
687 1573 812 1644 pronus
827 1563 864 1626 in
881 1584 983 1630 omne
1028 1579 1030 1584 ’

94 1670 236 1734 Pectora
249 1667 343 1732 ducis
355 1687 455 1751 opus,
468 1688 526 1732 seu
542 1677 574 1731 te
588 1660 745 1755 ‘graviora
759 1683 940 1756 vocarunt,

95 1775 163 1838 Seu
181 1771 310 1844 leviora
323 1773 450 1837 iuvant.
467 1771 535 1840 Nec
546 1767 634 1837 enim
648 1773 805 1838 facundia
819 1793 951 1859 semper

97 1881 252 1944 Adducta
265 1893 343 1944 cum
352 1881 462 1944 fronte
475 1883 600 1966 planeta
617 1900 680 1946 nec
695 1897 825 1968 semper
835 1883 871 1946 in
881 1883 983 1968 armis

97 1984 221 2048 Bellica
238 1988 335 2049 turba
348 1997 476 2066 manen
492 1977 555 2049 nec
574 1997 642 2050 tota
656 1987 808 2050 classicus
821 1990 943 2050 horror

98 2090 203 2151 Nocte
218 2089 339 2171 dieque
356 2083 473 2177 gemit3
489 2109 552 2153 nec
565 2103 695 2171 semper
710 2088 865 2152 Cnossius
881 2109 962 2156 arcu
1004 2094 1063 2164 120

97 2191 262 2281 Destinat,
274 2208 405 2261 exemto
421 2201 480 2261 sed
497 2200 587 2261 laxat
604 2213 728 2262 cornua
741 2217 844 2260 nervo
856 2211 865 2260 t

100 2304 142 2366 Et
156 2293 253 2391 galea
265 2304 362 2366 miles
376 2312 488 2387 caput,
506 2313 539 2367 et
551 2306 641 2370 latus
657 2323 733 2366 ense
750 2303 895 2368 resolvit·

99 2403 177 2488 ipsa
187 2406 275 2472 vices
288 2417 408 2472 natura
425 2409 531 2492 subit,
551 2409 743 2490 variataque
759 2431 871 2474 cursus

100 2510 261 2598 Ordinat,
276 2513 417 2577 inversis
430 2525 462 2576 et
475 2514 648 2575 frondibus
659 2511 802 2594 explicat
816 2528 955 2580 annunt·

99 2622 176 2681 Non
187 2633 318 2703 semper
330 2621 441 2684 fluidis
452 2622 629 2704 adopertus
640 2619 785 2682 nubibus
800 2621 914 2688 aether

99 2725 212 2786 Aurea
226 2721 376 2788 terrificis
392 2726 548 2788 obcaecat
565 2724 674 2788 sidera
690 2721 823 2788 nimbis.

101 2832 213 2892 Cessat
226 2830 347 2912 hiems,
366 2831 517 2893 madidos
531 2843 564 2894 et
576 2829 676 2893 siccat
692 2832 771 2892 uere
787 2830 943 2916 capillost
1026 2849 1028 2856 ·

100 2933 170 3000 Ver
185 2935 270 3022 fugit
286 2946 437 2999 aestates:
452 2946 612 3000 aestatum
632 2943 724 3018 terga
741 2933 869 2998 lacessit
901 3011 907 3022 ,

100 3042 248 3106 Pomifer
263 3052 461 3124 autumnus,
480 3042 611 3105 nebulis
625 3061 773 3109 cessurus
791 3050 824 3106 et
843 3037 953 3106 undis»

100 3148 204 3232 ignea
217 3147 299 3228 quin
315 3147 414 3210 etiarn
428 3143 589 3230 ¹Superiim
603 3157 697 3230 pater¹
715 3159 808 3210 arma
824 3145 990 3230 recondit,

101 3239 149 3315 Et
160 3245 394 3336 Ganymedeae
411 3261 562 3337 repetens
577 3253 730 3318 convivia
749 3273 896 3334 mensae,

101 3361 226 3424 Pocula
244 3359 346 3423 sumit
359 3381 415 3444 ea,
431 3379 497 3442 qua
509 3361 607 3447 gessit
621 3360 780 3441 fulmina,
796 3361 922 3422 dextra.

102 3463 323 3546 Temporibus
332 3463 456 3528 servire
475 3466 586 3542 decet:
603 3461 661 3542 qui
678 3471 827 3544 tempora
840 3457 938 3526 certis

103 3563 309 3646 Ponderibus
321 3569 489 3652 pensavit,
499 3589 577 3632 eum
591 3567 620 3630 si
631 3567 917 3648 bellavocabunt,
935 3603 938 3617 ι

103 3673 200 3736 Miles
211 3673 289 3751 erit3
307 3673 334 3736 si
346 3693 431 3756 pax,
445 3671 558 3756 positis
572 3679 648 3756 toga
660 3669 775 3758 gestiet
791 3668 904 3733 armis·

102 3780 203 3842 Hunc
221 3779 295 3840 fora
308 3789 478 3864 pacatum,
493 3779 674 3845 bellantem
689 3778 988 3844 castradecebunt.

167 3886 289 3941 Lucanus.
496 3935 499 3942 ,
835 3875 884 3936 18·
