2824 4880
322 416 528 478 uisne
569 415 635 480 rx.
674 435 799 496 v.27o·
952 372 1046 486 'in

77 564 188 627 Caede
202 563 338 626 manus?
349 561 459 626 credet
472 558 584 626 faciles
592 561 656 626 sibi
671 572 762 648 terga
776 561 920 648 dedisse,

78 671 200 732 Credet
217 669 260 732 ab
269 667 430 732 Emathiis
449 667 574 751 primos
587 667 710 756 fugisse
728 669 904 754 Philippis.

77 773 202 840 Vadite
215 770 341 838 securi:
359 773 522 839 meruistis
535 773 645 838 iudice
660 775 764 838 vitam
985 787 987 794 ’

79 885 238 966 Cnesare,
251 901 319 945 non
335 882 451 964 armis,
470 903 539 945 non
556 879 730 946 obsidione
751 883 888 948 subacti.

79 992 109 1052 0
127 989 250 1052 famuli
264 999 389 1072 turpes,
404 989 535 1052 domini
551 997 627 1073 post
640 989 707 1068 leta
723 989 845 1072 prioris

78 1096 135 1160 Itis
150 1099 197 1158 ad
205 1098 373 1160 heredem.
393 1097 542 1157 Coenon
556 1093 684 1156 maiora
698 1091 839 1174 mereri,

78 1205 193 1287 Quam
205 1201 308 1264 vitam
320 1199 534 1282 veniamque,
550 1199 652 1263 libet?
667 1198 815 1280 rapiatur
827 1197 864 1262 in
878 1201 985 1268 undas
1023 1245 1026 1252 ·

78 1307 201 1371 Infelix
214 1307 329 1393 Magni
343 1307 480 1398 coniux,
495 1307 671 1390 prolesque
689 1303 836 1366 Metelli:
989 1289 994 1293 ’

78 1412 200 1475 Ducite
212 1411 406 1495 Pompeios:
426 1411 606 1475 Ptolemaei
625 1409 750 1474 vincite
767 1427 900 1471 munus.

78 1511 197 1580 Nostra
210 1515 342 1597 quoque
353 1515 462 1580 inviso
477 1515 625 1598 quisquis
636 1515 720 1578 feret
732 1533 791 1578 ora
805 1519 970 1598 tyranno,

79 1624 153 1684 Non
165 1628 270 1705 paiva
282 1625 432 1685 mercede
442 1621 544 1686 dabit.
560 1621 648 1686 Sciet
660 1620 723 1692 ista
739 1621 895 1684 iuventus

22 1715 25 1722 ’
79 1727 226 1790 Cervicis
236 1727 345 1811 pretio
357 1729 570 1792 benesemea
580 1727 675 1813 signa
694 1737 850 1790 secutam.

78 1835 171 1920 Quin
183 1834 285 1920 agite,
302 1845 335 1897 et
349 1853 470 1921 magna
485 1835 640 1898 metitum
656 1852 732 1897 cunr
747 1835 847 1896 caede
857 1839 989 1916 parate:

78 1941 242 2025 Ignavum
255 1939 359 2002 scelus
373 1947 421 2001 est
436 1948 564 2000 tantum
575 1937 665 2024 iuga.
684 1937 793 2020 Dixit,
808 1948 848 2000 et*
858 1958 975 2002 omnes

78 2045 179 2106 Haud
188 2041 283 2106 aliter
295 2042 406 2105 medio
420 2043 587 2106 revocavit
601 2045 644 2105 ab
660 2063 805 2125 aequore
811 2065 962 2128 puppes,

79 2151 190 2233 Quum
203 2145 302 2210 simul
315 2143 426 2209 effetas
439 2146 597 2227 linquunt
613 2147 767 2209 exaurina
782 2165 872 2210 ceras
880 2193 891 2231 ,
912 2165 915 2172 '
984 2149 1040 2212 285

78 2255 186 2334 Atque
200 2251 303 2315 oblita
314 2250 383 2314 favi
397 2271 466 2312 non
483 2248 621 2312 miscent
637 2250 777 2313 nexibus
793 2252 878 2334 alas,

80 2356 142 2418 Sed
159 2353 222 2418 sibi
237 2373 388 2436 quaeque
404 2351 510 2434 volat,
528 2371 590 2439 neo
600 2351 668 2414 iam
682 2353 832 2438 degustat
848 2371 1001 2416 amarum

79 2463 249 2528 Desidiosa
270 2463 438 2544 thymum:
455 2458 596 2544 Phrygii·
610 2479 710 2522 sonus
727 2458 876 2540 increpet
893 2458 994 2540 aeris,

79 2571 244 2635 Attonitae
262 2589 402 2653 posuere
413 2567 547 2651 fugam,
568 2564 782 2643 studiumque
796 2562 920 2628 laboris

78 2674 231 2739 Floriferi
244 2681 414 2756 repetunt,
431 2681 463 2732 et
475 2667 579 2752 sparsi
588 2667 696 2732 mellis
708 2686 878 2732 amorem:
1022 2661 1025 2667 ’

79 2783 209 2843 Gaudet
220 2780 257 2841 in
266 2779 420 2861 Hyblaeo
433 2795 566 2840 securus
577 2773 729 2861 gramine
741 2783 853 2857 pastor

77 2886 219 2949 Divitias
231 2903 376 2948 servasse
388 2899 498 2944 casae:
515 2880 561 2944 sic
574 2899 657 2942 voce
669 2879 804 2970 Catonis

77 2967 245 3055 Inculcata
258 2987 339 3051 viris
348 2986 425 3050 iusti
437 2984 598 3068 patientia
617 2983 741 3046 Martis.

116 3099 255 3176 lamque
269 3102 343 3157 actu
361 3089 442 3154 belli
455 3109 524 3152 non
534 3089 647 3150 doctas
660 3087 746 3151 ferre
759 3083 902 3167 quietem

78 3201 255 3266 Constituit
263 3208 402 3279 mentes,
419 3194 569 3275 serieque
588 3193 713 3278 agitare
721 3193 885 3254 laborum.

77 3309 227 3372 Primum
242 3305 370 3370 litoreis
380 3303 476 3366 miles
490 3302 629 3363 lassatur
649 3298 767 3362 arenis.
889 3301 898 3316 ¹

77 3412 252 3474 Proximus
269 3410 306 3471 in
317 3426 429 3472 muros
443 3417 474 3470 et
490 3404 621 3483 moenia
640 3407 848 3486 Cyrenarum

77 3517 134 3580 Fst
147 3517 261 3578 labore
281 3515 431 3577 exclusus
448 3513 541 3574 nulla
554 3529 589 3574 se
604 3509 753 3572 vindicat
770 3507 839 3585 ira;

77 3625 256 3703 Poenaque
270 3623 311 3682 de
323 3618 418 3682 victis
430 3619 500 3683 sola
513 3627 579 3699 est,
596 3615 728 3696 vicisse,
741 3611 870 3675 Catoni.
894 3611 896 3622 '
944 3692 949 3704 ,

77 3726 161 3788 Inde
168 3725 240 3808 peti
249 3723 373 3807 placuit
385 3721 505 3805 Libyci
518 3718 723 3784 contermina
733 3717 859 3780 Mauris

77 3830 195 3916 Regna
209 3829 327 3908 Iubae3
343 3827 401 3891 sed
415 3826 478 3891 iter
496 3822 743 3889 mediisnaure
756 3819 890 3884 vetabat

1079 2429 1090 2464 i
