2788 4880
338 389 380 472 u
600 387 1041 454 rulnsrnrle
1132 395 1265 468 mu.

335 539 378 606 In
390 551 448 604 sun
459 542 636 604 eredebant
647 539 808 603 redituras
826 543 976 604 membre
989 559 1128 606 secures.

336 647 654 734 Implicitas-magno
671 649 792 710 Caesar
810 657 934 708 terrore
949 649 1099 712 cohortes

337 755 382 817 Ut
393 753 493 836 vidit,
510 752 635 838 primus
650 761 778 836 raptam
794 755 917 816 librare
934 755 1114 838 bipennem

337 863 460 941 Ausus,
479 863 512 923 et
523 861 648 926 siriam
662 862 750 925 ferro
767 861 979 945 proscindere
994 883 1171 948 quercum,

337 962 464 1030 Effatur
478 985 586 1032 merso
605 966 727 1030 violate
742 965 777 1029 in
795 969 916 1030 robora
935 967 1039 1032 ferro:

283 1114 288 1130 ,
336 1071 409 1134 Iam
423 1093 465 1132 ne
480 1071 552 1152 quis
567 1070 713 1136 vestrum
728 1071 855 1136 dubitet
871 1075 1061 1138 subvertere
1076 1073 1216 1160 silvam,

240 1223 242 1227 .
339 1175 470 1239 Credite
489 1196 543 1238 mc
559 1175 673 1239 fecisse
684 1177 785 1240 nefus.
803 1179 897 1239 Tunc
910 1177 1021 1260 paruit
1033 1179 1141 1243 omnis

337 1282 507 1367 Imperiis,
523 1303 592 1346 non
609 1286 738 1347 sublato
753 1305 867 1346 secura
883 1302 1026 1368 pavore,

339 1390 465 1470 Turba,
476 1389 535 1450 sed
550 1407 692 1472 expensa
705 1388 907 1470 superorum
926 1397 957 1449 et
976 1384 1124 1452 Caesaris
1141 1389 1202 1452 ira.

339 1495 565 1558 Procumbunt
578 1493 671 1572 orni,
688 1493 814 1570 nodosa
828 1491 1012 1576 impellitur
1027 1493 1113 1574 ilex;

154 1627 159 1634 ·
273 1673 279 1680 ⁶
339 1603 493 1684 Silvaque
508 1603 680 1682 Dodones,
699 1611 731 1663 et
749 1600 903 1665 fluctibus
917 1601 1026 1684 aptior
1043 1603 1160 1687 alnus,

339 1711 381 1773 Et
399 1729 466 1774 non
484 1709 632 1792 plebeios
648 1711 755 1772 luctus
775 1717 889 1772 testata
910 1727 1095 1790 cupressus,

340 1815 436 1877 Tunc
446 1813 591 1896 primurn
601 1833 740 1896 posuere
757 1833 887 1895 comas,
899 1821 933 1876 et
950 1791 1069 1876 fionde
1085 1822 1234 1878 carentes

341 1913 510 1979 Adnrisere
524 1917 630 1978 diem:
654 1917 878 2000 propulsaque
893 1916 1013 1978 robore
1034 1917 1135 1978 denso

324 2069 325 2074 η
341 2018 502 2084 Sustinuit
519 2041 554 2084 se
565 2020 650 2084 silve
668 2022 797 2084 cadens.
816 2021 981 2082 Gemuere
1004 2018 1152 2085 videntes

341 2121 514 2188 Gallorum
533 2124 665 2206 populi:
682 2123 786 2188 muris
798 2125 857 2186 sed
874 2124 983 2186 clausa
994 2123 1150 2188 iuventus
1238 2131 1312 2204 446

340 2223 498 2288 Exsultat.
519 2223 602 2308 Quis
615 2225 707 2288 enim
725 2227 830 2289 laesos
844 2225 982 2308 impune
999 2235 1131 2308 putaret

340 2329 417 2392 Esse
432 2327 540 2426 Dposl
555 2338 663 2390 servat
680 2330 802 2393 multos
818 2332 963 2394 Fortuna
982 2342 1159 2410 nocentes;

341 2435 382 2496 Et
401 2442 528 2497 tentum
543 2433 671 2498 miseris
687 2434 784 2498 irasci
803 2435 942 2500 numina
961 2447 1108 2519 possunt.

342 2538 452 2618 thue
468 2537 546 2602 satis
559 2537 644 2602 caesi
658 2538 819 2622 nemoris,
838 2541 985 2622 quaesita
1002 2565 1063 2628 per
1075 2519 1173 2630 agros

342 2643 492 2707 Plaustra
509 2645 637 2710 ferunt:
656 2666 824 2727 curvoque
841 2647 905 2710 soli
918 2649 1070 2714 cessantis
1086 2659 1197 2714 aratro

342 2750 516 2836 Agricolae
535 2749 637 2834 raptis
653 2769 779 2840 annum
801 2755 920 2816 flevere
937 2752 1096 2818 iuvencis.

291 2869 293 2872 ·
382 2857 459 2918 Dux
477 2865 602 2938 tamen,
622 2855 797 2939 impatiens
813 2857 944 2922 haesuri
963 2859 1007 2920 ad
1020 2855 1151 2922 moenia
1168 2858 1310 2944 Mariis,

343 2965 464 3030 Versus
480 2963 523 3025 ad
536 2961 698 3046 Hispanos
712 2963 816 3044 acics,
835 2973 1046 3044 extremaque
1061 2962 1196 3046 mundi,

276 3117 281 3128 .
342 3069 439 3132 Iussit
458 3069 547 3132 belle
561 3068 643 3154 geri.
662 3068 802 3132 Stellatis
817 3068 934 3132 eribus
954 3087 1056 3155 agger

343 3175 504 3260 Erigitur,
523 3174 738 3260 geminasque
747 3185 923 3256 aequantes
939 3173 1070 3238 moenie
1084 3183 1190 3261 tirrrcs

343 3277 486 3360 Accipit:
506 3281 568 3339 hae
584 3279 677 3340 nullo
692 3276 836 3340 fixerunt
851 3279 969 3340 robore
987 3286 1128 3358 terram,

343 3383 407 3444 Sed
423 3401 483 3463 per
497 3381 559 3444 iter
575 3383 713 3468 longum
727 3399 823 3470 capse
842 3399 972 3462 repsere
989 3379 1114 3442 latenti.

302 3473 318 3493 ⁹
344 3487 428 3548 Cum
447 3496 573 3550 tantum
590 3495 720 3550 nutaret
734 3500 830 3566 onus,
848 3483 973 3548 telluris
989 3485 1110 3551 inanes.

345 3583 551 3654 Concussisse
565 3590 656 3654 sinus
678 3601 888 3673 quaerentem
908 3611 1083 3674 erumpere
1100 3598 1238 3656 ventum

344 3693 509 3777 medion,
526 3705 559 3759 et
578 3714 690 3760 muros
706 3689 824 3759 mirata
839 3707 887 3759 est
899 3705 984 3760 stare
999 3693 1160 3760 iuventus.

344 3799 440 3892 Illinc
459 3803 524 3866 tela
543 3803 664 3868 cadunt
677 3804 817 3872 excelsus
835 3801 926 3870 urbis
942 3799 978 3886 iu
995 3819 1098 3868 arces.
