2824 4880
294 338 519 454 'LIBER
559 389 680 456 v111.
719 411 752 454 v.
773 395 844 477 399·
1003 415 1061 484 197

86 531 217 604 Polluit
230 534 415 602 innumeris
429 529 520 624 leges
535 547 568 602 et
583 537 718 602 foedera
730 535 845 604 taedae
1083 625 1086 634 Ι

87 643 324 732 Coniugibus?
341 644 544 726 thalamique
556 651 671 728 patent
689 655 813 708 secreta
830 644 968 712 nefandi

87 751 184 815 Inter
193 751 295 815 'mille
310 773 424 816 nurus.
444 753 559 840 Epulis
572 772 694 816 vesana
710 773 869 834 meroque
1054 741 1059 752 ⁸

87 859 215 948 Regia,
233 879 303 922 non
317 860 403 922 ullos
421 869 574 942 exceptos
589 858 720 942 legibus
734 862 848 922 horret

90 967 313 1032 Concubitus:
331 976 379 1030 tot
395 965 548 1032 femineis
564 963 792 1048 complexibus
805 987 912 1032 unum

88 1081 167 1142 Non
183 1077 284 1141 lassat
299 1097 367 1142 nox
384 1087 451 1140 tota
467 1095 605 1138 marem.
625 1075 759 1138 Iacuere
774 1092 903 1137 sorores

87 1183 130 1247 In
146 1199 269 1267 regum
283 1180 456 1263 thalamis,
474 1187 666 1260 sacrataque
682 1177 825 1262 pignora
840 1186 971 1242 matres.

88 1290 239 1350 Damnat
254 1291 344 1370 apud
362 1295 477 1375 gentes
487 1286 619 1352 sceleris
633 1304 702 1348 uon
715 1294 833 1368 sponte
847 1285 976 1370 peracti

89 1390 358 1475 Oedipodionias
376 1391 494 1456 infelix
511 1390 627 1454 fabula
642 1391 790 1454 Thebas:

88 1499 293 1562 Parthorum
307 1496 463 1562 dominus
475 1495 603 1580 quoties
613 1496 660 1559 sic
673 1496 837 1583 sanguine
848 1497 954 1562 mixto
1006 1543 1009 1550 -

89 1603 248 1698 hlascitur
260 1601 455 1667 Arsacides?
470 1603 525 1666 cui
539 1604 588 1667 fas
607 1602 748 1688 implere
763 1615 952 1687 parentem,

90 1707 185 1794 Quid
199 1725 274 1770 rear
287 1726 357 1770 esse
372 1707 489 1771 nefas?
505 1710 616 1792 proles
633 1720 700 1772 tam
714 1711 802 1774 clara
817 1709 945 1775 Metelli
985 1711 990 1726 ⁷

90 1815 201 1905 Stabit
218 1814 393 1878 barbarico
414 1815 536 1878 coniux
553 1816 731 1904 millesima
744 1819 843 1882 lecto.

91 1921 297 2004 Quanquam
311 1939 380 1981 non
391 1920 453 1982 ulli
466 1923 543 2002 plus
563 1923 668 2008 regia,
684 1926 819 2010 Magne,
833 1923 965 1994 vacabit

91 2027 241 2094 Saevitia
257 2027 426 2092 stimulata
440 2033 570 2112 Venus,
586 2032 757 2114 titulisque
768 2033 931 2096 virorum.

89 2130 179 2196 Nam
191 2127 265 2212 'quo
280 2133 379 2215 plura
395 2133 512 2197 iuvent
525 2137 684 2197 Parthum
696 2145 868 2220 portenta,
877 2137 979 2202 fuisse
1007 2152 1067 2214 414

89 2237 191 2299 Hauc
206 2234 284 2298 sciet
301 2245 333 2299 et
350 2237 477 2300 Crassi:
493 2254 551 2302 ceu
569 2238 700 2321 pridem
712 2239 823 2302 debita
842 2237 924 2305 fatis

91 2339 257 2423 Assyriis,
274 2341 416 2404 trahitur
435 2345 537 2408 cladis
554 2345 684 2428 captiva
695 2355 853 2412 uetustae.

92 2448 240 2509 Haereat
258 2447 347 2520 ane
359 2449 481 2514 vulnus
496 2451 686 2515 miserabile
701 2454 815 2533 sortis;
882 2468 886 2476 '

92 2555 170 2615 Non
187 2553 297 2616 solum
312 2551 475 2617 auxilium
493 2555 623 2618 funesto
642 2557 686 2618 ab
703 2579 784 2642 rege
802 2557 937 2642 petisse,

93 2659 160 2721 Sed
172 2657 309 2743 gessisse
322 2657 416 2740 prius
428 2659 554 2748 bellum
571 2658 670 2723 ciuile
685 2663 834 2745 pudebit.
916 2687 920 2698 ·

93 2766 182 2826 Nam
197 2761 289 2845 quod
302 2764 393 2847 apud
402 2767 544 2848 populos
559 2766 686 2830 crimen
701 2771 877 2852 socerique
888 2753 1049 2852 tuumque

93 2871 206 2934 Maius
222 2870 299 2953 erit,
315 2889 418 2952 quam
436 2874 527 2953 quod
539 2873 634 2938 vobis
649 2876 863 2941 miscentibus
876 2899 988 2962 arma,

10 2999 11 3002 ’
97 2981 293 3042 Crassorum
305 2975 453 3041 vindicta
468 2979 578 3062 perit?
597 2979 768 3046 incurrere
788 2983 900 3046 cuncti

96 3087 292 3146 Debuerant
307 3083 344 3146 in
357 3087 472 3146 Bactra
491 3085 608 3168 duces,
627 3095 659 3148 et
671 3108 717 3150 ne
734 3104 801 3168 qua
813 3095 971 3151 vacarent

96 3193 217 3269 Arma,
227 3191 282 3252 vel
294 3191 453 3253 Arctoum
467 3190 583 3273 Dacis,
598 3192 776 3274 Rhenique
791 3193 930 3258 catervis

97 3293 240 3378 Imperii
254 3296 495 3378 nudare'latus,
510 3297 591 3358 dum
605 3296 733 3380 perfida
749 3298 830 3362 Susa

94 3405 138 3467 In
153 3405 301 3466 tumulos
312 3403 468 3486 prolapsa
482 3404 623 3486 ducum,
642 3406 862 3487 Babylonque
878 3403 1010 3469 iaceret.

97 3506 256 3589 Assyriae
269 3506 345 3588 paci
364 3507 481 3589 finem,
495 3493 656 3592 Fortuna,
669 3527 866 3591 precamur:

98 3611 157 3692 Et,
171 3607 200 3672 si
213 3608 384 3672 Thessalia
398 3611 525 3672 bellum
543 3609 641 3673 civile
657 3594 830 3692 peractum
845 3619 911 3696 est,

98 3719 153 3778 Ad
171 3717 324 3796 Parthos,
337 3715 396 3800 qui
405 3715 502 3797 vicit,
514 3726 577 3779 eat.
592 3717 680 3778 Gens
695 3717 795 3780 unica
811 3717 931 3782 mundi
949 3725 1011 3805 est,
1111 3731 1114 3739 '

99 3821 151 3883 De
169 3841 236 3901 qua
250 3819 416 3888 Caesareis
429 3820 551 3905 possim
566 3822 713 3908 gaudere
726 3805 911 3907 triumphis.
