2790 4874
252 401 479 518 ‘LIBER
518 451 620 518 VII.
659 471 784 540 maoq.
947 453 1004 523 rsa

53 597 119 665 Sive
131 593 258 681 aliquid
271 599 401 685 magnis
414 597 521 670 nostri
527 617 660 679 quoque
672 617 751 662 cura
766 597 889 662 laboris

54 703 240 768 Nominibus
249 706 405 788 prodesse
416 714 541 788 potest:
558 723 635 768 eum
650 703 739 768 bella
757 707 924 792 legentur,

55 813 188 895 Spesque
197 822 370 894 metusque
380 811 491 892 simul,
500 811 797 896 perituraquavota
806 807 1007 900 mo‘vebuntp
1113 801 1134 928 θ’
1202 903 1207 912 ·

56 915 249 998 Attonitiquc
263 935 378 979 omues
386 917 490 980 veluti
500 915 667 980 venientia
680 915 765 998 fata,

57 1019 315 1086 Nontransmissa
326 1023 447 1108 legent,
456 1023 603 1086 etadhuo
614 1019 685 1114 tihi,
695 1025 827 1107 Magne,
837 1017 1008 1094 favebunt.

89 1133 181 1198 Miles
192 1142 229 1194 ut
243 1131 382 1194 adverso
397 1129 522 1208 Phoebi
539 1129 682 1194 radiatus
695 1131 737 1192 ab
749 1129 818 1192 ictu

57 1233 254 1302 Descendens
268 1245 351 1298 totos
363 1236 508 1317 perfudit
523 1234 650 1314 ¹lumine
665 1237 783 1316 colles,

57 1342 121 1406 Nou
132 1339 580 1423 temereimmissuscampis3
598 1340 687 1404 stetit
697 1341 815 1404 ordine
830 1350 921 1404 certo

46 1443 165 1518 ,infelix
179 1449 274 1513 acies.
290 1434 416 1510 Cornris
432 1443 492 1508 tibi
505 1463 584 1508 eura
597 1443 736 1528 sinistri,
774 1527 778 1534 Ι

58 1551 201 1636 Lentule,
212 1573 288 1614 cum
298 1549 423 1634 prima,
433 1568 518 1630 quae
530 1557 600 1609 tum
613 1547 677 1610 fuit
686 1547 811 1631 optima
821 1551 927 1634 hello,

58 1655 91 1717 Et
104 1665 218 1736 quarta
230 1647 375 1741 legione,
392 1654 505 1714 datur:
519 1651 580 1714 tibi
592 1651 729 1716 numine
742 1649 878 1740 pugnax
924 1667 926 1677 '

57 1759 362 1841 Adverso,1)omiti‚
372 1755 479 1820 dextri
491 1757 582 1821 trous
598 1758 714 1822 tradita
727 1761 852 1827 Martis.

58 1865 93 1928 At
106 1863 205 1928 medii
219 1865 322 1927 robur
338 1863 420 1927 belli
432 1845 610 1926 fortissima
628 1866 767 1928 densant

4 1997 5 2000 ¹
59 1970 204 2056 Agmina,
215 1989 301 2050 quae
310 1967 454 2032 Cilicum
467 1967 562 2029 terris
576 1969 717 2032 deducta
730 1975 861 2036 tenebat

60 2073 174 2158 Scipio,
188 2072 283 2136 miles
296 2072 333 2135 in
348 2073 426 2153 hoc,
438 2071 566 2154 Libyco
580 2072 647 2133 dux
656 2071 784 2154 primus
796 2075 833 2138 in
847 2079 939 2142 orbe·

58 2180 93 2240 At
103 2179 193 2242 iuxta
206 2177 337 2260 fluvios,
349 2187 381 2240 et
393 2187 509 2264 stagna
522 2178 681 2241 undantis
691 2179 827 2263 Enipei,
948 2198 1009 2261 224

60 2287 285 2370 Cappadocum
293 2293 451 2347 montana
462 2285 594 2367 cohors,
607 2293 639 2347 et
651 2287 763 2374 largus
777 2289 929 2354 habenae

60 2397 204 2462 Ponticus
217 2395 285 2459 ibat
296 2413 405 2476 eques.
425 2391 508 2457 Sicci
521 2393 578 2456 sed
591 2393 735 2475 plurima
749 2395 858 2478 campi
965 2449 967 2454 .
993 2435 1011 2471 .

60 2496 263 2584 Tetrarchae,
272 2521 431 2587 regesque
445 2508 572 2581 teuent,
588 2499 765 2586 magnique
776 2495 931 2586 tyranni,

60 2609 154 2690 Atque
164 2607 272 2672 omnis
282 2607 377 2669 Latio
391 2627 476 2686 quae
491 2605 591 2668 servit
601 2623 749 2688 purpura
763 2605 862 2670 ferro·

60 2708 184 2779 Illuc-et
192 2713 298 2798 Libye
314 2711 488 2793 Numidas,
499 2719 533 2774 et
546 2715 642 2776 Creta
658 2715 814 2796 Cydonas

60 2817 157 2884 Misita
174 2818 291 2883 Itureis
301 2838 414 2883 cursus
426 2815 489 2879 tuit
503 2815 583 2880 inde
594 2818 739 2906 sagittisr

61 2916 133 2986 Inde
146 2931 252 2988 truces
265 2922 353 2985 Galli
365 2920 500 2984 solitum
513 2921 667 3037 prodistis
683 2922 719 2984 1ιι
736 2921 883 2988 hostems

61 3021 126 3084 lllic
136 3041 300 3110 pugnaces
311 3021 491 3084 commovit
506 3011 616 3085 Iberia
632 3034 744 3090 cerras.

60 3119 150 3206 Eripe
163 3121 282 3185 victori
295 3133 421 3208 gentes,
434 3131 467 3184 et
481 3123 651 3210 sanguine
648 3125 825 3189 mundi

61 3224 137 3286 Fuso
142 3225 301 3307 „Magne
314 3225 416 3296 semel
429 3234 513 3286 totos
526 3243 682 3293 consume
697 3214 892 3330 triumphos·

94 3327 157 3390 1110
168 3327 252 3390 forte
264 3326 319 3390 die
330 3314 462 3414 Caesar,
473 3328 612 3392 statione
626 3330 757 3416 relicta,

61 3433 104 3499 td
115 3438 262 3523 segetum
273 3441 386 3518 raptus
401 3444 551 3498 moturus
562 3433 673 3522 signe,
687 3445 823 3520 repente

18 3538 246 3622 Conspicit'
236 3559 273 3601 ru
288 3539 405 3622 planos
420 3531 548 3601 hostem
562 3539 760 3610 descendere
776 3551 927 3624 campos,
952 3572 959 3576 ·

19 3643 278 3746 Oblatumque
289 3642 380 3706 videt
389 3644 473 3706 votis
486 3643 549 3706 sibi
563 3645 656 3706 mille
671 3644 811 3727 petitum

20 3711 240 3829 Tempus,
229 3769 266 3810 ιιι
275 3757 438 3812 extremos
449 3767 515 3830 quo
529 3749 676 3814 mitteret
684 3753 797 3816 omnia
813 3768 915 3818 casus·

64 3849 160 3940 teger
173 3851 298 3940 quippe
309 3873 436 3940 morse,
445 3857 654 3945 flagransque
664 3859 817 3946 cupidine
827 3858 939 3948 regni,
