2824 4880
349 407 557 470 ursan
596 407 665 471 ln
706 427 831 494 v.779.
1008 421 1067 502 ²³7

96 551 273 642 Quidquid
281 551 385 618 homo
402 561 462 636 est,
481 550 589 638 aperit
597 551 849 637 pestis-Natura
862 553 1014 643 profana»
1083 589 1084 598 ¹

94 667 207 730 Morte
218 671 326 746 patet:
337 669 474 726 manant
482 660 632 745 humeri,
646 662 815 747 fortesque
831 668 967 736 lacertis

95 767 194 832 Colla
208 775 371 850 caputque
380 759 499 830 fluunt.
514 765 632 830 Calido
642 787 711 831 non
724 769 818 836 ocius
827 774 947 837 Austro

94 869 162 934 Nix
173 871 319 933 resoluta
334 868 441 952 cadit,
453 889 515 934 nec
523 872 628 934 solem
644 851 720 936 cera
734 883 899 955 sequetur.

93 977 204 1039 Parva
220 976 359 1057 loquor,
376 994 496 1058 corpus
510 975 604 1040 sanie
622 975 761 1040 stillasse
777 987 972 1059 perustum:

92 1089 169 1150 Hoc
178 1095 211 1149 et
220 1087 354 1148 flamma
363 1092 479 1168 potest.
492 1083 557 1148 Sed
567 1083 641 1164 quis
653 1102 756 1169 rogus
767 1082 902 1144 abstulit
914 1087 1010 1148 ossa?

93 1190 188 1252 Haec
194 1205 328 1270 quoque
336 1187 521 1271 discedunt,
534 1197 712 1270 putresque
720 1194 831 1252 secuta
844 1189 1009 1258 medullas

92 1295 195 1358 Nulla
204 1315 340 1360 manere
348 1292 462 1358 sinunt
471 1291 581 1376 rapidi
595 1291 734 1380 vestigia
749 1291 821 1354 fati.
983 1372 987 1382 Ι

94 1395 280 1480 Cyniphias
289 1395 376 1460 inter
392 1406 498 1478 pestes
515 1394 576 1459 tibi
590 1396 703 1479 palma
719 1392 863 1456 nocendi
877 1401 946 1460 esta

93 1499 248 1587 Eripiunt
261 1521 376 1566 omnes
391 1501 557 1583 animam,
573 1509 608 1564 tu
623 1499 862 1570 solacadaver.

132 1612 218 1673 Ecce
235 1608 322 1673 subit
333 1607 434 1672 facies
447 1607 514 1671 leto
528 1607 659 1670 diversa
675 1605 802 1670 fluenti.

92 1711 263 1777 Nasidium
277 1711 381 1776 Marsi
397 1714 558 1776 cultorem
575 1713 720 1780 torridus
740 1711 814 1800 agri

92 1818 256 1884 Percussit
268 1821 406 1884 Prester.
423 1818 479 1882 Illi
492 1821 596 1882 rubor
608 1819 727 1906 igneus
742 1835 808 1884 ora'

91 1927 286 2010 Succendit,
305 1927 477 2009 tenditque
495 1936 604 1990 cutem
613 1973 624 2009 ,
639 1935 799 2010 pereunte
815 1924 945 2014 ἧρπε,

89 2033 235 2098 Miscens
250 2045 369 2098 cuneta
384 2043 495 2107 mmor
510 2041 579 2095 toto
595 2032 663 2094 iam
681 2051 820 2115 corpore
840 2033 966 2097 maiora
994 2041 1055 2120 79³

88 2140 353 2221 Humanumque
363 2135 492 2226 egressa
503 2138 750 2219 modumsuper
762 2135 878 2200 omnia
888 2140 1039 2206 membra

89 2242 228 2306 Efflatur
242 2243 365 2326 sanies,
379 2245 445 2306 late
458 2243 593 2304 tollente
606 2259 737 2304 veneno
750 2262 760 2304 a

88 2350 164 2432 Ipse
174 2349 254 2412 latet
265 2348 396 2432 penitus
407 2356 562 2434 congesto
574 2341 713 2431 corpore
726 2367 851 2413 mersus
861 2370 872 2430 ς

88 2459 157 2522 Nec
169 2457 277 2522 lorica
289 2466 379 2520 tenet
395 2453 529 2518 distenti
545 2453 693 2535 corporis
708 2461 854 2516 auctum.

87 2566 252 2648 Spumeus
270 2581 408 2626 accenso
420 2579 490 2622 non
503 2558 550 2624 sic
566 2560 712 2621 exundat
726 2559 836 2620 aheno

86 2673 262 2734 Undarum
275 2670 445 2734 cumulus:
464 2687 527 2730 nec
537 2673 645 2736 tantos
655 2665 791 2728 carbasa
802 2665 891 2728 Coro
967 2667 971 2678 '

87 2777 278 2837 Curvavere
290 2771 392 2835 sinus.
405 2769 566 2836 Tumidos
575 2767 645 2830 iam
657 2787 728 2830 non
744 2764 834 2848 capit
848 2772 952 2829 artus·

86 2873 243 2940 Informis
256 2879 390 2964 globus,
406 2883 439 2936 et
455 2872 593 2936 confuso
609 2870 757 2952 pondere
771 2877 918 2930 nunctis.

84 2987 252 3048 Intactum
264 2985 440 3046 volucrum
452 2979 584 3060 rostris,
599 2977 779 3060 epulasque
796 2973 959 3052 daturum

84 3092 188 3156 Haud
199 3091 338 3175 impune
351 3089 448 3172 feris,
468 3107 537 3150 non
551 3083 624 3150 ausi
640 3083 768 3146 tradere
784 3080 897 3160 husto,
922 3131 934 3151 ,
1018 3145 1022 3151 ,

84 3199 244 3260 Nondum
256 3205 363 3261 stante
375 3195 494 3275 modo,
514 3209 662 3256 crescens
674 3189 790 3273 fugere
807 3185 957 3249 cadaver.

69 3371 72 3385 ,
126 3305 192 3367 Sed
205 3303 332 3368 maiora
349 3309 468 3386 parant
482 3298 628 3382 Libycae
642 3293 830 3379 spectacula
844 3302 962 3376 pestesa

84 3409 255 3494 Impressit
270 3410 385 3472 dentes
400 3403 638 3470 Haemorrhois
654 3422 770 3486 aspera
785 3401 901 3482 Tullo,

84 3518 303 3607 Magnanimo
316 3513 449 3598 iuveni,
469 3511 685 3590 miratorique
702 3505 846 3569 Catonis.

84 3627 197 3706 thue
209 3627 292 3688 solet
309 3620 434 3706 pariter
451 3615 528 3682 totis
542 3635 578 3680 se
596 3610 768 3676 effundere
783 3608 887 3696 signis

86 3731 223 3815 Corycii
237 3749 390 3814 pressura
410 3723 518 3806 croci,
535 3722 583 3786 sic
597 3718 710 3783 omnia
726 3717 879 3780 membra

85 3835 233 3902 ansere
251 3832 351 3901 simul
366 3830 505 3899 rutilum
525 3845 587 3912 pro
605 3823 767 3912 sauguine
786 3811 888 3892 tirus,
