2824 4880
378 403 438 468 ,σο
639 405 1084 470 rusnssmsu
1179 415 1302 497 essa

375 552 483 636 Quem
500 569 570 614 non
587 551 713 614 euobis
729 553 841 616 credet
859 553 1036 636 Cleopatra
1050 561 1226 621 nocentem
1235 599 1248 639 ,

345 732 349 740 ¹
373 666 403 724 Α
418 681 487 741 quo
501 669 589 724 casta
602 658 684 722 fuiti
702 663 765 722 Per
779 671 827 742 te,
844 664 935 742 quod
951 661 1090 728 fecimus
1104 683 1188 745 uua,

373 764 649 846 Perdidimusque
661 766 772 846 nefas,
790 787 917 848 perque
927 765 1032 830 ictum
1049 767 1338 860 sanguineMassgui

372 871 518 951 Foedus,
530 871 624 933 ades:
638 869 749 934 subito
765 871 894 934 bellum
909 871 1028 935 molire
1046 875 1210 938 tumultu:

372 977 483 1040 Irrue:
499 983 676 1038 nocturnas
686 995 880 1058 rumpamus
893 977 1010 1040 funere
1021 979 1146 1060 taedas,

372 1083 613 1164 Crudelemque
630 1081 710 1145 toris
724 1080 896 1144 dominam
911 1090 1092 1146 mactemus
1107 1081 1142 1146 in
1157 1081 1240 1166 ipsis

371 1189 457 1249 Cum
474 1206 674 1266 quoeunque
690 1185 773 1248 viro.
793 1187 861 1250 Nec
877 1205 937 1250 nos
954 1186 1118 1249 deterreat
1135 1186 1225 1253 ausis

370 1291 524 1376 Hesperii
538 1291 671 1356 fortuna
686 1291 789 1356 ducis.
810 1295 904 1378 Quae
922 1291 1052 1356 sustulit
1066 1292 1178 1376 illum,

368 1395 596 1480 Imposuitque
610 1399 700 1481 orbi,
717 1399 904 1464 communis
917 1399 1024 1487 gloria
1035 1400 1151 1463 nobis:

369 1507 436 1568 Nos
446 1523 579 1585 quoque
587 1501 746 1568 sublimes
759 1505 901 1588 Magnus
914 1503 1004 1566 facit.
1020 1502 1161 1588 Adspice
1173 1501 1256 1570 litus

368 1611 468 1694 Spem
479 1609 582 1673 nostri
591 1608 742 1672 sceleris:
757 1609 902 1692 pollutos
917 1610 1052 1672 consule
1070 1609 1207 1691 fluctus,

368 1715 460 1801 Quid
475 1715 573 1780 liceat
584 1713 694 1778 nobis:
711 1715 943 1795 tumulumque
959 1734 978 1776 e
994 1716 1134 1797 pulvere
1150 1733 1258 1798 parvo

368 1819 510 1902 Adspice
522 1815 688 1902 Pompeii,
707 1836 776 1882 non
789 1816 902 1879 omnia
919 1817 1073 1878 membra
1090 1825 1266 1902 tegentem.

368 1927 478 2009 Quem
490 1925 620 2004 metuis,
637 1943 697 2008 par
707 1923 807 1988 huius
816 1933 894 1986 erat.
913 1925 988 1985 Non
1000 1924 1162 2009 sanguiue
1175 1924 1277 1987 clari:

368 2027 459 2112 Quid
469 2028 659 2092 refertinec
668 2047 747 2110 opes
756 2029 974 2111 populorum,
988 2045 1028 2090 ac
1038 2046 1141 2113 regna
1150 2041 1329 2091 movemus.

366 2137 420 2197 Ad
432 2135 537 2198 scelus
551 2134 696 2220 ingentis
709 2133 769 2198 fati
781 2153 904 2198 sumus.
918 2132 1062 2196 Attrahit
1081 2133 1158 2198 illos
1274 2138 1331 2213 ³84

366 2243 407 2304 ln
422 2254 548 2306 nostras
558 2245 705 2306 Fortuna
717 2261 846 2307 manus.
860 2239 912 2303 En
925 2241 1030 2303 altera
1046 2239 1141 2303 venit

366 2345 512 2411 Victima
526 2347 689 2442 nobilior.¹
704 2332 876 2410 Placemus
887 2347 988 2408 caede
997 2348 1144 2410 secunda

365 2452 542 2538 Hesperias
554 2463 678 2541 gentes·
695 2455 834 2539 lugulus
855 2453 939 2518 mihi
950 2444 1099 2520 Caesaris
1115 2457 1254 2524 haustus

366 2565 440 2626 Hoc
455 2573 623 2647 praestare
640 2571 766 2646 potest,
783 2563 933 2648 Pompeii
951 2567 1051 2629 caede
1064 2576 1223 2631 nocentes

366 2669 411 2730 Ut
426 2671 571 2752 populus
585 2671 755 2733 Romanus
764 2679 867 2734 amet.
883 2668 975 2754 Quid
991 2669 1130 2734 nomina
1143 2679 1236 2735 tanta

365 2773 566 2854 Horremus,
578 2772 730 2854 viresque
742 2771 851 2856 ducis,
867 2772 988 2854 quibus
1001 2774 1061 2838 ille
1080 2771 1204 2840 relictis

364 2877 462 2941 Miles
474 2876 555 2940 erit?
573 2897 640 2940 nox
652 2881 735 2942 haec
746 2887 882 2966 peraget
895 2876 1008 2942 civilia
1023 2879 1132 2960 bella,

364 2985 569 3067 inferiasque
585 2988 677 3048 dabit
695 2985 843 3069 populis,
863 2997 895 3050 et
909 2986 1015 3050 mittet
1032 2989 1076 3048 ad
1092 2985 1245 3068 umbras,
1307 3017 1311 3034 ·

365 3093 465 3176 Quod
479 3093 619 3155 debetur
628 3093 737 3154 adhuc
750 3094 893 3173 mundo,
910 3093 1080 3175 caput.1te
1093 3089 1220 3154 feroces

363 3197 511 3262 Caesaris
521 3197 557 3260 iu
572 3197 726 3283 iugulum
736 3219 744 3260 t
756 3207 899 3280 praestet
909 3198 1019 3282 Lagea
1033 3194 1191 3258 iuventus

362 3300 437 3362 Hoc
454 3299 544 3385 regi,
562 3301 715 3362 Romana
725 3297 798 3362 sibi.
815 3299 867 3360 Tu
887 3316 987 3380 parce
1003 3294 1146 3358 moraris

363 3407 503 3470 Plenum
522 3401 645 3490 epulis,
665 3405 1033 3485 madidumquernero,
1053 3398 1245 3482 Venerique

915 3511 1070 3586 paratum

361 3614 534 3678 Invenies:
549 3617 653 3678 aude:
674 3615 818 3696 Superos
832 3619 881 3674 tot
895 3621 972 3674 rote
990 3611 1154 3674 Catonum

347 3724 604 3802 'Brutorumque
615 3721 677 3785 tihi
693 3720 848 3784 tribuent.
870 3720 946 3780 Non
957 3718 1066 3778 lentus
1077 3713 1227 3781 Aonium

361 3826 520 3896 Suadenti
535 3847 652 3910 parere
668 3827 772 3892 nefas.
791 3827 891 3890 Haud
908 3827 998 3889 clara
1009 3820 1202 3905 movendis,
