2824 4880
377 388 437 438 ato
638 361 1081 434 PHAnssnlsa
1172 309 1296 430 nias.

373 511 644 598 AutScythioum
656 511 800 574 Fortuna
812 506 945 596 iugumr
963 506 1026 570 sub
1040 503 1113 568 iura
1122 503 1230 592 togati
1255 560 1259 573 .

376 621 465 686 Civis
481 639 533 684 eo.
554 613 711 704 Quisquis
724 617 848 700 Magno
868 611 1000 676 vivente
1014 612 1197 692 secundus,

375 733 442 796 Hic
455 728 538 792 mihi
551 727 677 811 primus
690 723 770 790 erit:
782 721 883 790 sacris
895 722 1114 806 praestabitur
1126 720 1254 792 umbris

270 825 276 834 ’
375 827 961 908 8ηωωιιεὴοιιοτεάοωὶηυιιι,ᾳυοω
969 823 1331 910 οΙαὼοοοςίί,Ιιὼώοε

376 937 529 1015 Nullum,
539 935 676 1018 Magne,
685 933 820 1012 durem,
833 931 981 994 tesolum
989 929 1026 994 in
1038 931 1130 994 bella·
1138 940 1285 1010 secutus,

376 1041 453 1104 Post
467 1046 514 1117 te,
526 1036 593 1100 fata
606 1053 743 1114 sequar:
756 1054 864 1114 neque
879 1033 968 1100 enim
978 1053 1111 1116 sperare
1121 1032 1267 1096 secunda

377 1145 439 1206 Fas
450 1137 548 1221 mihi,
565 1136 741 1201 neelioeat.
762 1139 906 1200 Fortuna
922 1144 1039 1201 cuneta
1051 1143 1206 1200 tenentur

378 1241 541 1308 Caesaris:
559 1241 747 1304 Emathium
765 1239 885 1324 sparsit
896 1237 1034 1302 victoria
1052 1239 1190 1302 ferrum.

379 1351 498 1414 Clausa
514 1345 596 1412 fides
605 1345 732 1412 miseris
738 1391 752 1428 ‚.
764 1355 796 1421 et
810 1355 878 1410 toto
892 1345 981 1410 solus
996 1345 1034 1408 in
1050 1347 1130 1410 orbe
1146 1353 1210 1428 est,

380 1451 448 1538 Qui
463 1450 544 1518 velit
555 1471 594 1514 ac
604 1448 706 1534 possit
720 1429 989 1533 victis‘praestare
1001 1449 1150 1512 salutem.

380 1556 556 1639 Pompeio,
565 1558 671 1620 scelus
684 1566 731 1620 est
744 1556 871 1618 bellum
886 1553 1003 1636 civile,
1016 1563 1185 1636 peremto,

381 1665 476 1748 Quo,
490 1662 616 1742 tuerat,
633 1661 778 1742 vivente,
795 1659 885 1726 fides.
901 1661 935 1725 Si
950 1661 1085 1744 publiea
1096 1661 1187 1742 iura,
1212 1717 1215 1724 .

382 1765 418 1830 Si
430 1785 560 1848 semper
576 1765 718 1849 patriam
731 1765 896 1848 sequeris,
913 1765 1113 1852 Cato,signa
1124 1775 1288 1848 petamus,

381 1871 553 1933 Romanus
572 1889 657 1950 quae
675 1871 799 1934 Consul
814 1872 923 1932 habet.
939 1869 992 1952 Sic
1008 1869 1066 1932 ifle
1084 1869 1233 1952 profatus

382 1974 514 2040 Insiluit
529 1973 652 2058 puppi,
671 1970 831 2038 iuvenum
848 1973 1024 2038 eomitante
1045 1973 1200 2034 tumultu.
1388 2053 1389 2062 ἵ

425 2085 544 2144 Actum
557 2080 715 2146 Romanis
729 2080 836 2142 fuerat
851 2081 893 2143 de
912 2081 1028 2162 rebus,
1048 2090 1081 2144 et
1093 2077 1203 2142 omnis
1280 2072 1329 2140 253
1388 2127 1389 2164 q

384 2187 503 2272 Indiga
518 2184 644 2250 servitii
664 2185 812 2248 fervebat
826 2184 923 2248 litore
938 2187 1061 2267 plebes.

384 2287 532 2378 Erupere
548 2293 640 2356 ducis
653 2313 747 2356 sacro
762 2295 803 2356 de
814 2303 947 2376 pectore
966 2313 1079 2360 voees:

384 2401 474 2484 Ergo
491 2395 566 2482 pari
580 2405 657 2460 voto
671 2395 798 2482 gessisti
810 2397 915 2479 bella,
934 2396 1106 2478 iuventus,

385 2507 438 2567 Tu
455 2523 588 2586 quoque
600 2519 662 2588 pro
679 2500 839 2584 dominis,
852 2511 885 2566 et
902 2500 1104 2584 Pompeiana
1119 2498 1231 2581 fuisti,

387 2614 463 2674 Non
471 2613 623 2676 Romana
629 2609 768 2672 manus?
783 2611 873 2690 quod
882 2601 952 2674 non
964 2609 1000 2671 in
1013 2627 1116 2695 regna
1132 2608 1277 2687 laboras,

389 2715 491 2800 Quod
499 2713 568 2796 tibi,
577 2734 648 2778 non
655 2713 805 2795 duaihus',
814 2712 898 2777 vivis
905 2712 1326 2795 morerisque‚quodorhen

389 2819 545 2902 Adquiris
557 2818 656 2901 nulii,
671 2821 761 2900 quod
774 2818 842 2882 iam
854 2819 914 2884 tibi
928 2819 1060 2884 vincere
1070 2830 1179 2883 tutum
1190 2829 1257 2900 est,

389 2927 481 2989 Bella
493 2922 595 3010 fugis,
611 2923 806 3006 quaerisque
819 2924 935 3012 iugum
953 2925 1080 2990 cervice
1094 2935 1247 3005 vacante,

391 3035 432 3094 Et
443 3032 548 3096 nescis
556 3031 627 3094 sine
637 3053 715 3118 rege
726 3033 805 3115 pati.
827 3037 922 3098 Nune
937 3054 1035 3098 causa
1045 3034 1162 3118 pericli

391 3134 503 3220 Digna
518 3135 607 3200 viris.
625 3135 736 3198 Potuit
748 3146 857 3200 vestro
871 3139 1046 3222 Pompeius
1060 3138 1154 3202 abuti

391 3237 578 3326 Sanguine:
595 3260 684 3302 nuuc
694 3239 821 3322 patriae
838 3240 969 3329 iugulos
986 3261 1163 3324 ensemque
1176 3236 1305 3327 negatis,

395 3347 479 3407 Cum
493 3365 597 3428 prope
610 3344 753 3408 libertas.
773 3349 884 3410 Unum
899 3349 1043 3410 Fortuna
1058 3347 1194 3429 reliquit
1227 3361 1229 3374 ¹

393 3449 467 3512 Iam
482 3450 585 3514 tribus
603 3471 621 3512 e
633 3449 787 3514 dominis.
802 3453 941 3542 Pudeatt
959 3455 1035 3536 plus
1049 3453 1140 3540 regia
1152 3450 1220 3516 Nili

397 3556 544 3617 Contulit
555 3549 591 3620 in
607 3559 713 3644 leges,
729 3569 760 3622 et
770 3559 882 3622 Parthi
897 3559 1011 3622 militis
1024 3578 1128 3624 arcus·

395 3664 457 3745 Ite,
468 3683 489 3725 o
503 3665 698 3751 degeneres,
714 3669 893 3732 Ptolemaei
907 3689 1044 3752 munus,
1058 3679 1090 3732 et
1103 3686 1197 3732 arma

398 3767 557 3849 spernite.
575 3771 657 3854 Quis
668 3783 790 3838 vestras
804 3776 873 3838 ulla
886 3783 980 3857 putet
993 3794 1061 3842 esse
1076 3781 1231 3839 nocentes
