2790 4874
343 389 401 450 ψ
604 353 1046 428 PHmRsALIAE
1138 377 1260 442 mqqq.

339 514 381 576 In
398 512 516 578 densos
535 507 646 596 agitur
663 527 805 574 euneos:
822 525 950 588 perque
964 505 1281 587 erumperhostern

341 614 479 700 Quaerit
489 613 566 695 iter,
579 633 646 694 qua
664 623 748 677 torta
763 631 880 697 graves
892 609 996 676 lorica
1011 618 1143 686 catenas

341 718 507 803 Opponit,
522 727 656 798 tutoque
665 718 745 780 latet
756 718 820 778 sub
838 715 983 806 tegmine
997 726 1122 799 pectus.

340 815 551 909 Hacquoque
558 831 811 906 perventumest
818 821 860 884 ad
870 823 1011 886 viscera:
1022 829 1135 902 totque
1143 837 1296 902 perarma

340 933 533 994 Extremum
546 938 610 1008 est,
620 929 711 1008 quod
723 925 862 1008 quisque
873 927 957 1002 ferit,
968 927 1088 996 Civilia
1101 927 1190 990 bella

340 1041 415 1100 Una
431 1035 518 1116 acies
528 1034 667 1118 patitur,
687 1033 772 1118 gerit
787 1034 905 1096 altera:
919 1033 1060 1120 frigidus
1072 1033 1152 1096 inde

341 1148 411 1208 stat
422 1141 570 1228 gladium
588 1141 674 1204 calet
684 1139 894 1203 indenocens
909 1161 928 1200 a
938 1139 1099 1226 sanguine
1115 1139 1248 1202 ferrum·
1367 1134 1368 1162 ¹

218 1277 243 1296 ν
340 1250 409 1309 Nec
420 1249 565 1308 Fortuna
579 1243 635 1306 diu
651 1264 764 1306 rerum
780 1253 826 1306 tot
839 1245 990 1326 pondera
1008 1262 1164 1330 vergens,

342 1350 484 1414 Abstulit
498 1349 649 1435 ingentes
665 1349 734 1412 fato
755 1357 899 1410 torrente
915 1347 1038 1412 ruinas.

383 1459 427 1519 Ut
441 1455 587 1538 primum
603 1463 671 1518 toto
681 1452 811 1518 diduxit
827 1473 953 1518 cornua
968 1473 1087 1538 campo
1115 1515 1118 1524 .

342 1560 562 1646 Pompeianus
574 1579 690 1641 eques,
708 1559 855 1642 bellique
870 1582 931 1644 per
949 1560 1068 1624 ultima
1084 1553 1192 1637 nait,

342 1671 460 1750 Sparsa
471 1687 531 1749 per
540 1678 703 1738 extremos
715 1667 797 1732 levis
813 1677 981 1732 armatura
992 1665 1158 1748 maniplos

342 1771 545 1854 Insequitur,
558 1791 737 1851 saevasque
745 1792 870 1842 ,manus
882 1771 1030 1838 immittit
1047 1770 1084 1836 in
1094 1772 1231 1834 hostem.

341 1879 417 1943 Illic
426 1900 577 1962 quaeque
591 1901 652 1944 suo
666 1881 781 1946 miscet
793 1902 873 1969 gens
889 1881 1017 1965 proelia
1037 1881 1119 1944 telo:

343 1987 513 2066 Romanus
527 1985 652 2050 cunetis
664 1987 788 2070 petitur
807 2008 918 2052 cruor:
936 1989 1016 2052 inde
1031 1987 1200 2073 sagittam*

270 2141 276 2168 ,
342 2092 426 2154 Inde
440 2091 543 2174 faces,
561 2103 593 2154 et
608 2113 685 2154 saxa
707 2095 836 2175 volant,
851 2094 1025 2176 spatioque
1036 2093 1163 2154 solutae
1238 2085 1289 2146 51²

343 2204 454 2284 Aeris,
470 2212 503 2264 et
522 2203 631 2264 calido
647 2202 844 2284 liquefactae
864 2205 1012 2285 pondere
1024 2201 1172 2288 glandes.

342 2303 623 2383 TuneetituraeI,
635 2303 807 2386 Medique,
822 2307 1011 2387 Arabesque
1028 2304 1144 2386 soluti,

196 2479 198 2488 ‚
294 2407 301 2420 “
344 2411 432 2472 Arcu
445 2412 542 2474 turba
555 2410 686 2492 minax,
700 2431 865 2492 nusquam
878 2407 992 2478 rexere
1003 2413 1151 2501 sagittam
1237 2449 1241 2454 «

345 2515 542 2598 Sedpetitur
552 2517 656 2598 solus,
674 2515 733 2597 qui
743 2519 870 2602 campis
887 2519 1059 2601 imminet,
1078 2525 1144 2582 ae'r.

343 2625 426 2686 Inde
444 2627 566 2688 cadunt
579 2623 722 2688 mor'tes:
735 2628 868 2691 sceleris
882 2631 941 2692 sed
958 2629 1097 2693 erimine
1113 2627 1208 2690 nullo

343 2732 525 2798 Externum
533 2733 703 2795 maculant
712 2735 908 2815 chalybem
920 2734 1008 2798 stetit
1023 2751 1124 2796 omne
1134 2741 1278 2794 eoactum

345 2837 441 2902 Circa
450 2837 519 2922 pila
536 2840 641 2903 nefas:
655 2841 743 2904 ferro
757 2842 940 2907 subtexitur
953 2845 1082 2922 aether,
1097 2857 1099 2865 ⁴

344 2949 483 3026 Noxque
496 2957 596 3030 super·
605 2965 739 3032 campos
754 2941 826 3012 telis
843 2939 997 3013 conserta¹
1008 2947 1178 3031 pependit.

345 3053 430 3112 Cum
440 3053 732 3132 Caesanmetuens,
751 3071 792 3114 ne
802 3051 971 3116 fronssibi
984 3051 1093 3134 prima
1103 3053 1229 3114 labaret

344 3153 501 3232 Incursu,
515 3161 604 3216 tenet
619 3154 859 3238 obliquaspost
873 3157 967 3242 dgna
978 3159 1148 3222 cobortes:
1199 3133 1209 3145 Ν

345 3260 452 3338 Inque
466 3261 553 3323 latus
564 3259 661 3343 betti,
677 3281 743 3340 qua
759 3282 794 3326 se
806 3283 910 3349 vagus
922 3265 1023 3328 hostis
1035 3265 1175 3358 agebat,

345 3363 499 3427 Immittit
513 3363 678 3448 subitum,
690 3385 761 3428 non
775 3367 872 3432 mutis
883 3370 1058 3455 cornibus,
1073 3391 1205 3458 agmen.¹
1250 3391 1253 3401 ·

288 3483 291 3490 ·
345 3469 562 3534 Immemores
570 3491 720 3560 pugnae,
739 3471 899 3555 nulloque
913 3471 1042 3558 pudore
1055 3477 1206 3560 tenendi,

345 3570 546 3656 Praecipites
557 3575 665 3640 seuere
674 3579 800 3660 palam,
814 3579 926 3642 civilia
936 3584 1024 3646 bella
1042 3601 1045 3606 ·

346 3681 421 3742 Non
437 3683 522 3744 bene
538 3684 719 3752 barbaricis
730 3707 880 3767 unquam
896 3687 1071 3753 commissa
1082 3690 1229 3780 cateruis.
1266 3743 1269 3754 ,

346 3787 391 3847 Ut
404 3786 553 3870 primum
560 3789 697 3876 sonipes
714 3791 889 3858 transfixus
903 3795 1038 3878 pectora
1059 3795 1168 3878 ferro,
