2790 4874
326 329 531 395 LIBER
571 329 637 397 vl.
677 349 800 412 'bipp-
882 359 887 375 ι
986 329 1041 396 135

84 477 128 538 Ac
142 471 229 538 male
245 473 419 538 defensum
439 471 552 558 fragili
572 491 732 558 compage
750 473 923 570 cerehqum

84 581 239 666 Dissipat:
252 577 387 644 alterius
400 579 533 642 flamma
542 576 713 656 crinesque
730 597 914 662 genasque,

87 687 275 752 Succendit:
288 683 428 748 strident
443 682 547 746 oculis
564 683 755 748 ardentibus
773 683 878 770 ignes.

13 795 14 812 ¹
78 859 82 870 ,
123 799 166 860 Ut
181 793 330 878 primum
349 790 484 856 cumulo
503 799 668 854 crescente
685 791 846 854 cadavera
867 814 1002 860 murum

12 899 13 908 ’
88 883 270 966 Admovere
281 899 368 964 solo:
381 917 451 960 non
467 895 599 983 segnior
615 896 733 959 extulit
747 897 844 962 illum

87 1008 207 1087 Saltus,
222 1014 254 1068 et
269 1003 304 1066 in
319 1000 445 1066 medias
463 1001 542 1068 iecit
556 1021 656 1082 super
672 1020 766 1064 arma
780 1013 945 1088 catervas,

90 1115 192 1196 Quam
202 1127 406 1192 persumme
418 1105 505 1188 rapit
524 1107 664 1168 celerem
677 1110 842 1172 venabula
857 1115 1009 1193 pardum.

89 1215 177 1274 Tunc
189 1213 309 1276 densos
320 1208 406 1272 inter
419 1225 541 1270 cuneos
557 1227 779 1290 compressus,
792 1221 825 1274 et
839 1213 933 1280 omni

91 1316 235 1380 Vallatus
251 1314 360 1394 hello,
376 1313 500 1394 vincit,
522 1333 623 1394 quem
638 1312 786 1396 respicit,
804 1317 943 1380 hostem.

91 1416 222 1497 Iamque
237 1416 353 1496 hebes,
365 1425 397 1476 et
412 1433 520 1478 crasso
537 1433 606 1510 non
623 1434 718 1496 asper
733 1416 911 1502 sanguine,
926 1441 1046 1484 mucro

92 1519 301 1604 [Percussum
316 1519 456 1586 Scaevae
469 1518 601 1610 frangit,
614 1539 686 1584 non
697 1523 865 1607 ruhterat,
885 1527 1045 1614 hostem]

92 1627 235 1694 Perdidit
248 1627 334 1696 ensis
352 1647 448 1710 opus,
461 1625 584 1714 frangit
597 1627 667 1692 sine
683 1630 821 1694 vulnere
837 1637 996 1700 mesnbra.
1063 1659 1069 1679 ι
1121 1675 1126 1688 .

11 1783 13 1806 ,
92 1734 187 1796 Illum
202 1741 269 1797 tota
282 1731 407 1814 premit·
417 1733 539 1812 moles,
558 1731 656 1798 illum
673 1733 787 1802 omnia
800 1737 874 1800 tela.
946 1748 953 1776 ¹

11 1893 12 1902 ,
95 1843 187 1906 Nulla
201 1839 341 1904 fuitnon
351 1849 581 1920 certamanus,
598 1841 796 1904 noniancea
811 1841 911 1908 felix:
975 1903 978 1920 ,

95 1947 219 2025 Parque
235 1961 362 2006 novum
372 1944 519 2006 Fortuna.
532 1940 623 2004 videt
640 1960 852 2026 concurrere,
868 1947 996 2012 bellum

95 2054 198 2132 Atque
210 2048 332 2115 virum.
348 2045 453 2112 Fortis
469 2045 592 2124 crebris
608 2057 703 2110 sonat
721 2047 840 2112 ictibus
855 2053 975 2136 untho,
993 2073 1049 2138 ¹9²

96 2156 132 2216 Et
146 2154 261 2242 galeae
279 2151 466 2240 fragmenta
479 2167 578 2211 cavae
591 2168 777 2232 compressa
788 2165 952 2234 penrrunt

11 2245 13 2252 ¹
97 2263 278 2345 Temporae
296 2280 359 2322 nec
375 2255 558 2338 quidquam
567 2256 671 2322 nudis
683 2255 838 2334 vitalibus
855 2265 963 2328 obstat

98 2367 181 2449 Iam,
201 2373 332 2451 praeter
346 2371 468 2431 stantes
482 2361 520 2426 in
535 2363 673 2430 summis
685 2365 813 2431 ossibus
825 2371 943 2436 hastas.
984 2423 989 2431 .

135 2472 227 2560 Quid
240 2492 344 2553 nune,
359 2468 473 2536 vasam
481 2515 495 2552 ‚,
504 2468 623 2546 iaculis
636 2472 833 2554 levibusque
843 2451 969 2560 sagittis

101 2581 237 2668 Perditis
246 2585 403 2644 haesuros
415 2597 588 2656 nunquam
600 2577 758 2646 uitalibus
767 2579 877 2646 ictus?

101 2692 198 2752 Hunc
209 2695 266 2749 aut
285 2681 594 2764 tortilibuslvibrata
609 2681 779 2766 phalarica
797 2683 908 2750 nervis

103 2797 243 2875 obruat,
259 2779 316 2858 ant
328 2789 411 2854 vasti
424 2789 569 2860 muralia
583 2791 732 2872 pondera
743 2789 833 2854 saxi:

102 2905 199 2967 Hunc
215 2901 299 2966 aries
316 2901 425 2981 ferro,
442 2898 638 2979 ballistaque
654 2898 771 2961 limine
788 2909 904 2981 portae

103 3011 315 3074 Promoveat:
336 3015 398 3068 stat
410 3001 621 3088 nonstragilis
635 3021 696 3086 pro
712 3004 855 3068 sanare·
868 3023 1003 3085 murres,
1021 3073 1024 3077 ,
1042 3065 1047 3070 .

102 3110 362 3195 Pompeiumque
375 3106 565 3172 tenentem
582 3117 717 3189 pectora
733 3127 803 3171 non
819 3107 900 3193 tegit
910 3107 1030 3174 armis:

103 3219 288 3284 severitus
304 3217 394 3282 credi
413 3217 552 3298 clype0,
570 3215 732 3306 laevaque
745 3233 892 3298 vacasse,

104 3329 168 3390 Aut
187 3323 414 3408 culpaqixisse
430 3343 508 3405 sua,
527 3332 575 3386 tot
592 3321 732 3406 vulnera
745 3321 826 3386 helli
900 3318 903 3324 ’

105 3435 199 3500 Solus
212 3432 298 3513 obit,
314 3433 515 3509 densamque
530 3429 638 3494 ferens
648 3428 683 3490 in
696 3438 831 3510 pectore
840 3426 972 3510 silvam,

106 3545 176 3606 lam
188 3542 346 3629 gradibus
361 3540 471 3621 fessis,
488 3539 524 3602 in
535 3561 635 3620 quem
652 3540 765 3619 cadat,
787 3536 1034 3622 eligithostem.

108 3644 191 3729 [Par
204 3641 316 3728 pelagi
329 3643 493 3708 mmrstris.
515 3642 660 3724 Libycae
678 3641 726 3704 sic
742 3641 854 3703 bellua
874 3639 1013 3722 terrae,]

110 3750 164 3814 Sic
178 3748 324 3834 libycus
338 3748 447 3812 densis
462 3748 603 3832 Elephas
617 3727 790 3830 oppressus
807 3745 851 3824 ab
868 3741 969 3808 armis
