2824 4880
189 415 191 420 ,
265 485 267 490 Ι
351 395 803 505 ιιΒΕΒΙΧηΛφε.
998 404 1077 490 ²⁵7·

89 537 217 606 Invidit
232 540 326 626 Nilo,
338 541 493 626 misitque
504 563 565 628 per
576 545 694 608 ultime
707 554 814 610 terrae

88 648 293 730 Aethiopum
304 649 421 712 lectoet
437 648 514 712 ilios
529 649 716 714 rubicunda
730 649 857 732 perusti

88 757 181 818 Zona
197 753 268 838 poli
284 753 406 832 tenuits
429 752 541 816 Nilum
554 752 668 816 videre
682 755 854 820 calentem.

87 858 191 925 Venit
203 860 247 920 ad
264 855 432 940 occasum,
446 839 629 938 mundique
644 867 789 924 extrema
804 860 973 945 Sesostrb,

87 967 128 1028 Et
147 965 284 1030 Pharios
303 986 418 1029 currus
433 981 551 1052 regum
565 964 749 1028 cervicibus
760 965 846 1052 egit:

86 1070 174 1132 Ante
181 1079 292 1132 temen
303 1082 427 1134 vestros
436 1091 550 1133 amnes
562 1071 840 1154 Rhodanumque,
850 1075 1055 1160 Padumque,

87 1181 201 1263 Quam
210 1178 322 1242 Nilum
336 1180 378 1242 de
391 1179 482 1242 fonte
494 1178 590 1242 bibit.
610 1179 811 1255 Vesanusin
824 1191 917 1244 ortus

88 1285 272 1366 Cambyses
285 1281 380 1369 longi
393 1285 534 1367 populos
546 1283 698 1366 pervenit
711 1286 754 1346 ad
767 1285 872 1364 aevi3‘

86 1389 310 1470 Defectusque
326 1387 448 1473 epulis,
465 1396 497 1451 et
513 1398 624 1470 pastus
642 1389 742 1452 caede
762 1409 913 1475 suorum,

85 1493 209 1580 Ignoto
220 1501 269 1574 te,
280 1491 369 1572 Nile,
387 1492 483 1554 redit.
501 1492 700 1555 Nonfabula
719 1497 864 1558 mendax

86 1604 178 1665 Ausa
193 1598 287 1684 loqui
296 1600 337 1661 de
347 1598 438 1662 fonte
447 1608 506 1661 tuo
519 1608 577 1663 est
590 1600 790 1682 Ubicunque
801 1572 942 1688 vitieris,

87 1705 284 1794 Quaererisr
303 1713 335 1768 et
351 1703 438 1768 nulli
453 1704 618 1802 contingit
632 1705 740 1792 gloria
759 1710 870 1794 genti,

86 1813 133 1874 Ut
147 1809 225 1874 Nilo
236 1809 279 1874 sit
290 1810 460 1873 laetasuo.
478 1811 551 1872 Tua
564 1809 701 1875 domina
714 1813 873 1894 prodam,

87 1918 164 2002 Qua
176 1919 265 1980 Deus
275 1917 442 1978 undarum
458 1917 596 1999 celator,
618 1917 711 2000 Nile,
728 1928 862 1980 tuarum

85 2021 136 2082 Te
147 2017 231 2080 mihi
245 2037 340 2081 nosse
356 2017 459 2082 dedit.
478 2021 591 2084 Medio
605 2021 777 2106 consurgis
797 2025 839 2083 ab
855 2041 934 2105 axe,

84 2124 238 2192 Aususin
253 2127 424 2190 ardentem
440 2127 531 2211 ripas
543 2130 694 2192 attollere
710 2132 893 2192 Cancrum:
989 2129 1049 2194 28³

84 2231 127 2291 In
140 2234 267 2292 Borean
283 2228 312 2295 is
327 2241 436 2296 rectus
448 2231 558 2316 aquis,
577 2233 792 2316 mediumque
809 2239 954 2300 Booten:

53 2320 57 2327 ¹
86 2339 210 2398 Cursus
223 2334 258 2396 in
271 2353 424 2400 occasum
437 2339 522 2402 flexu
541 2348 731 2422 torquetur,
751 2349 784 2404 et
799 2351 911 2424 ortus,

84 2445 185 2506 Nunc
197 2445 343 2506 Arabum
352 2446 499 2529 populis,
514 2446 651 2531 Libycis
667 2468 758 2510 nunc
769 2437 894 2526 aequus
905 2433 1032 2513 arenisr

85 2549 446 2635 Tequevidentprimi,
460 2560 624 2632 quaerunt
634 2561 745 2612 tamen
753 2550 789 2610 bi
800 2555 1053 2642 quoque,8eres‚
1135 2581 1136 2585 ¹

84 2640 353 2739 Aethiopumque
363 2655 441 2720 feris
455 2655 566 2717 alieno
579 2653 710 2741 gurgite
731 2677 885 2742 campos3
928 2653 930 2658 ’

84 2759 128 2821 Et
140 2769 171 2822 te
184 2769 346 2822 terrarum
359 2758 463 2822 nescit
475 2758 530 2822 cui
547 2761 664 2824 debeat
678 2761 780 2825 orbis.

84 2865 255 2925 Arcanum
267 2873 386 2926 natura
404 2875 503 2947 caput
515 2883 592 2956 ¹non
609 2865 758 2947 prodidit
773 2866 854 2948 ulli,

85 2973 156 3032 Nec
170 2970 264 3034 licuit
276 2969 409 3054 populis
426 2989 569 3054 parvum
587 2981 636 3054 te,
650 2971 741 3054 Nile,
755 2971 887 3055 videre,

85 3078 287 3160 Amovitque
299 3077 408 3161 sinus,
424 3089 456 3141 et
472 3089 587 3164 gentes
602 3079 721 3142 maluit
734 3089 825 3144 ortus

86 3185 220 3269 Mirari,
234 3207 335 3270 quam
349 3177 444 3252 nosse
457 3197 541 3252 tuos.
561 3191 768 3274 Consurgere
782 3187 818 3250 in
832 3185 913 3271 ipsis

86 3293 143 3354 Ius
160 3291 220 3356 tibi
236 3292 398 3378 solstitiis,
419 3295 528 3356 aliena
544 3315 689 3359 crescere
705 3299 840 3377 bruma,

86 3401 196 3480 Atque
212 3399 337 3462 hiemes
351 3391 583 3465 adferre'tuasr
601 3403 731 3482 solique
745 3399 862 3486 vagari

88 3509 288 3570 Concessum
301 3529 360 3590 per
370 3518 526 3589 utrosque
542 3511 647 3590 polos.
662 3500 728 3570 Hic
738 3505 909 3586 quaeritur
919 3513 1027 3592 ortus,

86 3609 162 3670 lllic
174 3609 249 3673 finis
261 3630 376 3692 aquae.
390 3615 470 3676 Late
487 3612 548 3686 tibi
567 3614 699 3701 gurgite
715 3621 815 3694 rupto

88 3714 245 3777 Ambitur
255 3715 359 3803 nigris
375 3721 489 3780 Mero'e
507 3719 650 3782 fecunda
663 3717 806 3799 colonis,
895 3737 897 3744 ·

88 3819 190 3882 Laeta
204 3820 307 3885 cornis
315 3823 456 3887 hebeni:
472 3845 574 3910 quae,
593 3823 748 3918 quamvis
762 3825 882 3888 arbore
894 3824 1000 3890 multe

155 3929 277 3986 Lucrum.
744 3939 792 4000 17.
