2824 4880
500 537 1180 726 neuuneiuucuur

345 748 1317 981 ruARsALrAe

449 1139 456 1164 '
576 1125 762 1200 LIBER
798 1123 1094 1201 DECIMUS.

689 1367 693 1374 '
719 1371 952 1388 m

637 1510 1046 1568 ARGUMENTUM.

488 1633 527 1688 Ut
541 1633 648 1706 primum
661 1635 737 1702 prim
752 1647 839 1690 notat,
855 1647 881 1682 ue
892 1632 992 1698 perrari
1005 1632 1031 1679 ia
1045 1629 1120 1681 orbern

490 1725 594 1794 Aegypti
610 1722 711 1780 Curat,
727 1737 751 1774 ee
767 1736 793 1770 ue
809 1737 845 1771 est
861 1721 988 1789 Cleopatra
1002 1723 1093 1774 ἰοινεα.

489 1817 552 1872 Mos
568 1817 667 1886 dapibus
681 1819 764 1866 sumtis
780 1815 836 1866 Nili
853 1817 985 1883 dispiciatur
997 1829 1071 1864 ortus.

489 1893 593 1976 Parsque
606 1908 708 1957 secunde
723 1907 791 1974 resin
798 1907 922 1973 firmator,
938 1903 1043 1972 quiscere
1055 1901 1175 1970 parabam

489 1993 570 2048 Pravo
584 1998 650 2055 duci,
669 2012 768 2054 caesos,
792 1996 889 2046 adrem
909 1993 1056 2060 nefhndaque
1069 2009 1165 2060 pessos.

354 1875 362 1906 i

361 2105 448 2242 Ur
463 2171 609 2255 primum
623 2183 725 2238 terras
742 2173 893 2258 Pompeii
909 2175 995 2238 colla
1007 2179 1138 2236 secutus

357 2281 492 2368 Attigit,
507 2292 539 2344 et
553 2281 642 2344 diras
655 2281 794 2345 calcavit
811 2285 930 2344 Caesar
944 2298 1075 2342 arenas:

358 2385 523 2474 Pugnavit
532 2389 677 2450 Fortuna
692 2387 799 2468 ducis,
816 2389 985 2468 fatumque
999 2383 1148 2451 nocentis

358 2491 517 2578 Aegypti,
531 2513 672 2578 regnum
683 2491 765 2577 Lagi
775 2495 927 2554 Romana
940 2491 1002 2554 sub
1018 2509 1112 2553 arma

357 2599 440 2676 Iret3
463 2620 507 2660 an
521 2599 662 2682 eriperet
673 2601 800 2662 mundo
816 2597 1048 2680 Memphiticus
1065 2593 1153 2658 ensis

338 2703 517 2785 .Vietoris‚·
528 2703 675 2784 victique
691 2713 798 2785 eaput.
819 2703 891 2766 Tua
907 2701 1033 2785 profuit
1048 2702 1182 2781 umbra,

357 2817 494 2898 Magne,
512 2812 561 2876 tui
573 2833 724 2877 socerum
737 2833 877 2901 rapuere
893 2832 913 2874 a
929 2813 1089 2900 sanguine
1105 2831 1238 2895 manes,

358 2922 429 3008 [Ne
443 2925 587 3008 populus
600 2933 674 3006 post
684 2921 838 2985 teNilum
848 2923 1017 2982 Romanus
1027 2919 1195 3003 haberet]

355 3031 439 3092 Inde
452 3029 680 3094 Paraetoniam
695 3030 799 3092 fertur
810 3049 943 3091 securus
959 3027 996 3090 in
1008 3030 1126 3089 urbem

354 3133 496 3220 Pignore
515 3143 583 3196 tam
598 3133 687 3198 saevi
700 3133 849 3215 sceleris,
868 3153 927 3196 sua
940 3131 1035 3218 signa
1052 3139 1193 3194 secutus.

353 3236 419 3296 Sed
436 3235 569 3299 fremitu
585 3239 695 3324 vulgi,
709 3239 809 3300 fasces
824 3247 856 3300 et
869 3237 943 3300 iura
961 3236 1128 3318 querentis

354 3341 475 3405 Inferri
488 3345 638 3406 Romana
650 3344 736 3425 suis,
753 3341 917 3406 diseordia
930 3343 1031 3406 sensit

355 3447 510 3530 Pectora,
522 3459 555 3511 et
564 3429 722 3531 ancipites
735 3447 877 3538 animos,
896 3451 1121 3534 Magnumque
1131 3445 1254 3530 perisse

311 3565 317 3578 ·
355 3555 430 3616 Non
445 3553 521 3616 sibi.
535 3557 622 3627 Tum
638 3557 732 3620 vultu
745 3577 875 3638 semper
891 3558 1018 3618 celante
1034 3573 1192 3639 pavores,

355 3659 544 3741 intrepidus
554 3659 716 3742 Superim
732 3661 839 3740 sedes,
858 3671 890 3724 et
906 3663 1029 3743 templa
1045 3661 1164 3724 vetusti

357 3763 527 3848 Numinis,
540 3764 692 3847 antiquas
704 3765 870 3832 Macetum
887 3767 1038 3833 testantia
1051 3765 1156 3850 vires,
