2824 4880
271 418 274 427 =
354 375 571 442 LIBER
611 373 652 440 Χ.
693 375 817 438 udsfl.
1014 376 1072 440 αδδ

103 527 195 590 Dum
208 499 315 609 patrii
327 522 464 589 veniant
479 521 514 584 in
531 519 657 584 viscera
674 518 823 588 Caesaris
838 538 950 602 enses,

103 633 247 714 Magnus
262 627 389 690 inultus
403 625 474 688 erit.
492 625 557 686 Sed
573 642 641 685 non
659 631 794 694 auctore
808 619 934 684 furoris

102 733 242 796 Sublato
258 725 377 792 cecidit
391 727 517 790 rabiess
535 744 614 788 nam
624 745 738 788 rursus
755 723 898 786 inerma

103 833 270 918 Auspiciis
285 823 490 916 Ganymedis
507 839 603 913 eunt,
623 849 662 892 ae
684 831 789 891 multa
803 829 951 893 secundo

103 938 235 1002 Proelia
247 939 354 1002 Marte
370 947 500 1023 gerunt.
513 935 624 1000 Potuit
637 935 828 1002 discrimine
845 955 978 1002 summo
999 957 1000 962 ’

105 1043 252 1106 Caesaris
270 1062 337 1106 una
351 1043 422 1106 dies
437 1043 473 1104 in
490 1044 613 1106 famam
629 1052 661 1105 et
677 1043 789 1105 secula
800 1038 898 1119 mitti.

145 1147 245 1213 Molis
255 1147 292 1212 in
305 1146 443 1234 exiguae
456 1147 563 1232 spatio
579 1147 777 1231 stipantibus
793 1146 911 1230 armis,

103 1253 195 1316 Dum
208 1261 303 1334 parat
313 1251 350 1316 in
360 1272 479 1319 vacuas
493 1255 633 1316 Martem
653 1251 828 1317 transferre
842 1252 971 1318 carinas

104 1361 182 1424 Dux
197 1360 328 1441 Latius,
348 1369 417 1424 tota
429 1359 530 1424 subiti
542 1359 723 1424 formidine
741 1358 822 1422 belli

104 1465 274 1552 Cingitur:
288 1465 367 1530 hine
382 1467 502 1530 densae
514 1476 710 1551 praetexunt
726 1465 826 1535 litora
835 1467 973 1548 classes,

103 1569 194 1635 Hinc
211 1580 302 1656 tergo
320 1569 482 1634 insultant
497 1571 641 1654 pedites:
659 1571 717 1636 via
731 1572 825 1636 nulla
840 1571 974 1636 salutis:

103 1679 180 1742 Non
198 1677 295 1764 fuga,
315 1695 384 1739 non
400 1676 523 1761 uirtus,
542 1677 601 1740 vix
613 1650 687 1760 spes
705 1692 839 1760 qunque
853 1673 973 1744 mortis

615 1763 783 1848 ironestae.

103 1887 178 1947 Non
192 1883 262 1947 acie
274 1884 361 1965 fusa,
376 1906 437 1948 nec
447 1905 588 1972 magnae
602 1885 719 1972 stragis
734 1895 853 1950 aeerro

102 1989 294 2057 Vincendus
308 1999 387 2052 tune
404 1993 523 2052 Caesar
538 2000 624 2072 erat,
639 1991 697 2052 sed
712 1989 874 2075 sanguine
887 1991 984 2054 nullo

105 2098 228 2176 Captus
238 2105 324 2156 sorte
338 2093 422 2156 loci:
438 2096 576 2176 pendet,
595 2093 781 2174 dubiusque
801 2092 945 2174 timeret,
1053 2145 1060 2158 .

104 2203 285 2285 Optaretne
303 2201 403 2283 mori,
420 2201 564 2284 respexit
576 2200 613 2264 in
627 2201 771 2286 agmins
780 2204 884 2262 denso

104 2308 260 2374 Scaevam
277 2318 457 2390 perpetuae
470 2309 626 2372 meritum
642 2309 709 2371 iam
727 2309 866 2372 nomina
879 2309 990 2374 famae

103 2416 155 2480 Ad
170 2435 323 2496 campos,
341 2415 542 2498 Epidamne,
556 2427 643 2494 tuos;
662 2415 721 2478 uhi
734 2418 823 2480 solus
840 2416 961 2498 apertis

104 2520 242 2612 Obsedit
252 2521 356 2588 muris
370 2523 552 2586 calcantem
567 2521 701 2588 moenia
713 2523 885 2606 Magnum.

461 2843 703 2866 m
