2852 4878
346 384 432 443 m
511 363 797 440 NOTITIA
828 359 1177 440 LITERARIA

356 535 566 632 quipoetis¹
587 559 769 609 accensere
780 533 970 622 Lucanum
983 529 1326 628 dubitarent,·qu0d

355 643 556 736 historiam,
580 667 692 739 quam
714 668 817 738 versu
834 643 1084 738 persequitur,
1110 667 1188 720 non
1204 643 1329 716 totia-

357 757 453 830 bulis
471 757 688 848 inquinasset
708 778 810 826 more
832 755 984 828 aliorum
1002 765 1203 859 poetarum.
1230 755 1329 846 Mar.

357 865 501 940 bodum
519 863 707 936 Andinum
720 863 1003 936 Rhodoneusem
1013 865 1256 962 Episcopum,
1273 867 1330 940 fa·

358 994 504 1062 maest,
520 993 561 1047 ut
573 975 704 1070 patriae
723 975 1000 1071 gratificaretur,
1024 976 1090 1048 hos
1111 977 1158 1050 de
1172 977 1330 1052 Meduaa

359 1112 407 1160 na
425 1104 462 1158 et
485 1086 603 1185 Ligeri
632 1111 752 1159 versus
774 1086 924 1160 Lucano
946 1087 1129 1164 inseruisse
1151 1090 1215 1163 lib.
1237 1091 1265 1162 Ι.
1289 1115 1328 1168 v.

361 1195 444 1290 438·
461 1220 536 1287 seq.

303 1356 307 1366 ‚
409 1305 451 1376 ln
466 1305 608 1378 nebulis,
625 1303 812 1382 Meduana.
834 1307 899 1377 tuis
911 1333 1054 1384 marcere
1064 1335 1198 1410 perosus

411 1417 545 1493 Aridus,
558 1419 623 1486 iam
632 1413 766 1513 placide
776 1417 904 1510 Ligeris
916 1441 1083 1493 recreatur
1098 1423 1137 1493 ab
1148 1423 1248 1494 undo.

361 1523 453 1596 Saue
466 1525 503 1594 in
521 1524 694 1594 omnibus
711 1523 794 1600 Mss.
812 1524 931 1598 codd.
951 1531 1109 1624 antiquis
1129 1557 1204 1602 non
1226 1556 1331 1604 com·

361 1652 509 1732 parent,
525 1637 584 1706 vel
597 1634 676 1730 ipso
692 1633 821 1706 Grotio
836 1652 943 1728 teste,
957 1638 1022 1732 qui
1034 1665 1094 1711 eos
1108 1641 1147 1710 in
1162 1667 1223 1714 sua
1235 1631 1331 1718 ixii·

362 1771 412 1820 ott
427 1745 587 1818 edendos
607 1743 751 1818 curavit.
780 1749 875 1822 Haec
897 1749 1083 1850 Menagius
1100 1777 1177 1852 pag.
1204 1772 1261 1840 27:
1283 1751 1333 1828 ad
1389 1787 1394 1793 ·

362 1853 478 1930 Laert.

412 1951 623 2038 Scholiastes
645 1965 781 2038 Lucani
799 1968 969 2062 antiquus
990 1981 1296 2054 commemoratur
1310 1993 1333 2040 a

364 2073 495 2147 Grotio
509 2075 554 2146 ad
569 2077 703 2148 Lucan.
718 2097 788 2150 eta
804 2075 949 2150 Barthio
963 2077 1010 2150 ad
1026 2076 1185 2156 Statium
1202 2103 1243 2150 ac
1256 2077 1334 2148 Bri·

363 2201 500 2256 tonem.
513 2183 690 2280 Arnolphi
706 2185 966 2259 Aurelianensis
991 2189 1124 2260 scholia
1137 2189 1216 2259 Mss.
1230 2187 1333 2260 fuere

272 2318 277 2330 ·
364 2296 403 2367 in
425 2295 516 2368 Bibl.
538 2296 729 2385 Gudiana;
764 2298 929 2370 Lucanus
952 2323 1037 2370 cum
1065 2298 1333 2371 commentariis

365 2405 448 2478 Mss.
466 2405 561 2480 Zoni
574 2406 772 2479 Florentini
792 2408 830 2478 in
845 2408 934 2479 Bibl.
948 2405 1050 2508 Regis
1066 2407 1220 2497 Galliae,
1241 2423 1333 2480 teste

308 2511 312 2518 ⁴
364 2515 524 2590 Labbeo.
545 2516 645 2589 Alius
664 2518 874 2591 scholiastes
895 2519 963 2594 Ms.
985 2519 1023 2591 in
1045 2519 1135 2592 Bibl.
1161 2520 1333 2592 Vaticana

365 2646 588 2703 memoratur
601 2657 621 2702 a
633 2627 715 2704 Nic.
728 2630 893 2705 Antonio
905 2633 944 2704 in
957 2630 1048 2704 Bibl.
1067 2625 1150 2706 Vet
1174 2631 1334 2730 Hispana

367 2764 450 2840 1²³8·
472 2762 531 2834 47·

402 2971 414 3010 ι
432 2956 500 3012 ute
518 2954 659 3012 Maronem
673 2951 747 3012 XIV.
768 2970 825 3024 ¹94·
866 2950 1332 3024 Paeoniaevmmnmmsepue

366 3033 493 3089 isidorum
507 3037 580 3092 vtlt.
599 3053 625 3103 7.
642 3037 715 3107 Orig.
731 3049 759 3090 et
769 3037 829 3088 Ser·
866 3033 898 3086 td
914 3034 993 3089 nau.
1012 3035 1173 3088 Ammonium
1191 3053 1248 3106 pag.
1271 3035 1334 3094 216.

369 3113 410 3166 vii
423 3116 494 3178 ioca,
505 3113 638 3167 torrendis
653 3130 683 3166 ιι·
698 3116 739 3168 lo.
750 3113 831 3167 Satis·
867 3112 947 3174 Suae,
960 3114 1063 3182 inquit,
1073 3119 1112 3184 qui
1120 3119 1206 3184 paim
1219 3134 1268 3168 nort
1283 3135 1335 3186 pre·

369 3193 494 3246 heriensis
511 3192 579 3261 opud
595 3193 675 3246 Voss.
693 3193 724 3247 de
740 3205 831 3247 natura
868 3204 933 3252 tent,
944 3192 1159 3246 meinamma
1170 3195 1268 3256 erecto,
1280 3212 1335 3246 na·

369 3273 486 3342 possticae
497 3289 562 3343 Μ.
576 3273 717 3336 Nimirum,
728 3291 761 3328 ex
771 3274 831 3326 Ari.
870 3271 905 3328 η’,
922 3283 1025 3338 terraque
1041 3271 1139 3322 submde
1158 3275 1275 3333 advoces,
1287 3273 1340 3322 nisi

370 3351 473 3406 stotelis
487 3347 645 3421 praecepti's,
656 3355 712 3405 vati
724 3369 776 3404 oon
791 3365 832 3406 est
871 3365 994 3400 urceum
1012 3351 1128 3418 infulcias
1138 3353 1249 3420 fouet.
1271 3349 1338 3402 Metu·

371 3431 443 3502 quasi
456 3449 497 3486 rer
509 3445 581 3502 gerra
599 3433 717 3486 versibus
736 3433 833 3486 tuden·
872 3431 1063 3498 temperplacuit
1074 3443 1178 3492 tamen,
1193 3435 1338 3502 quodapro·

243 3565 245 3572 ,
331 3511 334 3515 ’
371 3511 474 3580 maed
483 3527 528 3580 per
538 3513 653 3582 ambages
666 3512 832 3580 Deorumque
871 3511 1337 3581 sa‚redoprirra,roalongerecedtret.

371 3589 526 3652 ministeria,
538 3601 564 3641 et
574 3589 718 3642 fabulosum
728 3602 832 3642 senten·
871 3585 900 3640 io
914 3588 978 3642 hauc
990 3590 1142 3644 sententiam
1158 3593 1237 3642 multa
1249 3589 1337 3643 Palio-

371 3674 463 3725 riarum
489 3682 643 3724 tormentum
669 3671 744 3724 debet
765 3669 832 3724 liber
871 3669 979 3739 genius,
1000 3672 1110 3740 scriptor
1127 3673 1196 3726 lectu
1211 3671 1337 3743 dignissi-

372 3750 480 3822 spiritus
490 3748 704 3821 praecipitarunt
715 3748 831 3820 loquitur
870 3766 927 3817 utus
934 3787 943 3815 ‚
956 3748 1033 3805 initio
1044 3749 1102 3804 libri
1112 3751 1161 3810 Vi.
1172 3749 1277 3808 zedim
