2790 4874
306 441 511 504 LIBER
549 441 619 507 Vl.
659 459 760 528 v..49
953 451 1011 510 131

8 519 287 666 iltnuihatque
304 585 402 648 Deis:
425 585 537 674 fragili
555 585 758 652 circumdata
773 595 854 652 testa

64 687 184 754 Moenia
200 686 364 754 mirentur
381 691 491 779 refugi
504 693 688 774 Babylonia
703 694 827 758 Parthi.
901 721 903 728 ·

64 794 104 855 En
117 803 281 874 quantum
292 793 414 880 Tigris,
438 805 599 875 quantum
619 797 706 858 celer
724 795 829 860 ambit
850 798 1006 887 Orontes,

64 896 193 979 Assyriis
206 906 368 977 quantum
382 897 516 980 populis
534 899 663 963 telluris
680 879 771 963 Eoiie

66 1003 205 1070 Sufficit
193 1027 231 1072 m
245 1029 397 1095 regnum,
418 1010 563 1072 subitum
570 1009 756 1092 ,bellique
764 1013 909 1078 tumultu

65 1116 196 1197 llaptum
213 1115 329 1179 clausit
351 1136 444 1200 opus.
464 1117 563 1181 Tanti
584 1117 714 1202 periere
736 1119 875 1181 labores.
983 1141 988 1152 ’

66 1217 117 1280 Tot
136 1229 273 1302 potuere
289 1241 407 1284 manus
425 1232 481 1284 aut
499 1223 638 1309 iungere
655 1223 769 1286 Seston
791 1223 929 1306 Abydo,

65 1323 249 1412 ingestaque
267 1329 347 1404 solo¹
359 1331 550 1412 Phryxeum
569 1330 692 1394 elidere
711 1313 871 1413 pontum3

67 1429 119 1492 Aut
136 1431 265 1516 Pelopis
277 1432 351 1496 latis
368 1435 527 1516 Ephyren
543 1437 742 1518 abrumpere
762 1435 890 1522 regnis,

66 1532 99 1594 Et
116 1533 238 1598 ratibus
254 1535 375 1622 longae
392 1539 494 1602 flexus
511 1540 636 1603 donare
661 1541 807 1619 Maleae;

67 1641 120 1703 Aut
136 1641 281 1723 aliquem
296 1642 431 1725 muudi,
454 1643 606 1724 quamvis
627 1655 746 1708 natura
764 1657 930 1734 negasset,
1002 1675 1005 1685 ·

66 1744 100 1808 ln
115 1746 231 1812 melius
244 1756 374 1812 mutare
388 1749 510 1812 locum.
532 1747 607 1812 Coit
622 1766 699 1810 area
714 1750 811 1812 belli:
870 1795 874 1808 .

66 1855 119 1920 illc
137 1857 238 1920 alitur
251 1858 385 1945 sanguis
407 1867 509 1922 terras
526 1859 675 1921 fluxurus
693 1857 731 1920 in
746 1879 876 1943 omues,

65 1964 167 2028 Ilicet
184 1966 394 2030 Thessalicae
411 1967 534 2047 clades,
556 1964 768 2048 Libycaeque
783 1977 946 2032 tenentur.

66 2070 185 2133 Aestuat
200 2077 342 2156 angusta
357 2070 465 2134 rabies
484 2067 591 2132 civilis
609 2087 733 2130 arena.
778 2119 781 2126 r
972 2071 1011 2132 63

98 2174 205 2238 Prima
220 2173 357 2256 quidem
374 2193 512 2260 surgens
531 2191 672 2255 operum
692 2179 855 2234 structura
876 2171 997 2279 fefellit

66 2280 267 2364 Pompeium:
288 2279 392 2344 veluti
411 2279 540 2342 mediae
561 2278 622 2360 qui
646 2287 735 2341 tutus
754 2276 790 2340 in
809 2277 897 2344 arvis

65 2385 200 2450 Sicaniae
221 2385 376 2450 rabidum
396 2385 499 2450 nescit
520 2388 640 2456 latrare
658 2387 833 2464 Pelorum3

65 2493 120 2554 Aut
137 2511 223 2578 vaga
239 2513 315 2555 eum
332 2491 474 2574 Temys,
495 2491 733 2574 Rutupinaque
749 2491 849 2554 litora
870 2489 1014 2575 fervent,

65 2594 152 2658 Unda
176 2593 375 2658 Caledonios
395 2595 481 2658 fallit
500 2599 632 2658 turbata
648 2595 833 2659 Britannos.
1089 2579 1091 2590 ⁴

65 2700 103 2762 Ut
116 2701 261 2784 primurn
274 2709 365 2766 vasto
385 2712 493 2784 septas
511 2701 602 2764 videt
618 2721 737 2786 aggere
754 2709 874 2784 terras3

64 2802 128 2884 Ipse
150 2825 283 2886 quoque
304 2823 326 2866 a
347 2813 416 2868 tuta
432 2803 601 2870 'deducens
622 2804 757 2902 agmina
777 2806 875 2866 Petra

63 2905 199 2972 Diversis
215 2907 342 2994 spargit
356 2909 506 2989 tumulis,
527 2918 564 2971 ut
585 2907 733 2972 Caesaris
750 2925 845 2980 arma
955 2901 963 2921 '

63 3009 171 3095 laxet,
190 3023 223 3076 et
238 3009 342 3076 effirso
362 3015 569 3076 claudentem
584 3011 689 3074 milite
710 3013 834 3075 tendat.
862 3074 864 3079 ,
993 3014 997 3030 ‘

65 3116 105 3177 Ae
120 3126 247 3179 tantum
265 3117 349 3200 septi
368 3118 458 3182 vallo
476 3116 541 3182 sibi
559 3115 705 3180 vindieat
724 3115 813 3201 agri,
872 3137 879 3148 ·

64 3219 176 3304 Parva,
195 3225 397 3330 Mycenaeae
418 3231 579 3302 quantum
596 3230 722 3286 saerata
743 3218 890 3303 Dianae,

64 3322 161 3391 Distat
175 3327 219 3388 ah
242 3329 369 3390 excelsa
374 3301 567 3394 nemoralis
583 3324 693 3389 Aricia
708 3327 853 3387 Roma.-

63 3429 197 3512 Quoque
213 3434 315 3494 modo
330 3435 458 3496 Romae
475 3433 666 3516 praelapsus
681 3429 813 3492 moenia
827 3427 936 3494 Tibris

64 3529 98 3594 ln
113 3555 205 3599 mare
222 3537 409 3619 deseendit,
432 3537 461 3600 si
481 3555 643 3616 nusquam
662 3541 813 3613 torqueat
835 3553 977 3616 amnem.

65 3633 198 3700 Classica
216 3639 309 3705 nulla
329 3647 465 3721 sonant,
486 3637 674 3718 iniussaque
694 3637 760 3698 tela
778 3647 957 3722 vagantur:

64 3742 98 3804 Et
118 3745 155 3808 fit
171 3765 269 3829 saepe
289 3747 395 3828 netas,
423 3746 570 3810 iaculum
592 3741 736 3808 tentante
753 3746 887 3809 lacerto.

64 3849 164 3917 Maior
183 3873 262 3928 esua
282 3855 404 3921 ducem
417 3853 594 3924 miscendis
615 3854 775 3921 abstrahit
790 3852 891 3920 armis
