2852 4878
339 382 361 446 d
597 375 1044 444 palestelli:
1159 378 1267 440 uss.

339 523 536 586 Commodat
547 519 583 583 in
601 522 786 603 populum,
800 528 906 584 terrae
924 517 1103 606 pelagique
1116 526 1309 604 potentem,

337 628 505 692 Invidiam
517 629 665 692 Fortuna
681 647 786 690 suem.
804 627 856 719 Tu
871 643 970 688 cause
987 625 1156 687 malorum
1228 665 1233 673 ·

339 733 439 800 Facta
451 730 555 794 tribus
573 728 717 794 dominis
728 725 929 808 communis,
945 728 1068 807 Rome,
1083 745 1309 810 necunquam

217 897 224 906 .
340 837 382 901 In
399 837 530 898 turbam
542 832 635 898 missi
647 831 763 898 feralia
783 830 1039 916 loedereregui.
1151 894 1157 904 ,

343 946 374 1011 0
389 946 478 1012 male
493 944 689 1023 consumes,
706 941 878 1023 nimieque
892 939 1051 1026 eupidine
1066 939 1177 1023 oeeoi,

341 1049 434 1134 Quid
446 1049 585 1114 miseere
597 1048 691 1112 iuvet
704 1047 809 1129 vires,
832 1047 1015 1128 orbemque
1032 1056 1143 1114 tenere

340 1155 382 1219 111
397 1153 533 1218 medio?
552 1155 642 1218 Dum
658 1162 745 1218 terra
761 1153 902 1233 fretum,
924 1160 1112 1233 terramque
1127 1150 1253 1216 levabit

341 1261 426 1341 Aer,
440 1269 471 1321 et
484 1257 578 1346 longi
589 1259 725 1320 volvent
741 1255 861 1321 Titana
878 1255 1028 1337 labores,

341 1367 482 1446 Noxque
499 1363 588 1428 diem
608 1364 702 1428 coelo
723 1361 861 1424 totidem
876 1381 936 1444 per
956 1360 1239 1446 siguusequetur3

340 1472 441 1534 Nulla
454 1469 536 1537 fides
549 1470 646 1556 regui
661 1467 774 1550 sooiis,
791 1467 967 1548 omnisque
983 1467 1125 1550 potestas

340 1574 522 1657 Impatiens
539 1574 698 1640 oonsortis
715 1574 788 1641 erit.
809 1576 878 1638 Nee
890 1571 1047 1658 gentibus
1065 1568 1144 1646 uuis

342 1679 490 1758 Credite3
509 1684 682 1766 neolonge
695 1679 841 1745 fatorum
859 1680 1012 1761 exempla
1028 1687 1204 1761 petanturr

342 1785 502 1850 Fraterno
514 1784 616 1868 primi
633 1786 835 1852 maduerunt
853 1784 1016 1872 sauguine
1030 1783 1130 1850 muri.

209 1923 210 1928 κ
341 1888 410 1950 Nee
429 1889 574 1974 pretium
589 1889 672 1955 tanti
686 1893 783 1954 tellus
796 1901 983 1974 pontusque
999 1890 1124 1954 furoris

291 2021 295 2038 ··
340 1993 437 2058 Tune
456 2005 543 2072 erate
561 1994 720 2083 exiguum
735 1995 890 2062 dominos
901 1993 1068 2064 commisit
1081 1993 1240 2078 asylum..

382 2092 557 2184 Temporis
570 2102 703 2190 augusti
716 2101 838 2168 mansit
854 2101 1035 2168 oouoordia
1051 2101 1191 2184 dissors,
1269 2105 1312 2187 98

343 2208 478 2288 Paxque
491 2207 554 2272 fuit
566 2229 636 2274 uon
648 2218 767 2292 sponte
784 2210 920 2274 dueum.
940 2210 1026 2274 Noui
1044 2207 1116 2270 sole
1133 2205 1243 2275 futuri

342 2313 478 2380 Crassus
495 2324 566 2382 erat
583 2316 665 2383 belli
682 2317 812 2385 medius
829 2335 935 2382 mora.
953 2313 1104 2408 Qualiter
1118 2315 1228 2378 undas

344 2417 523 2502 Quiseoat,
538 2428 571 2482 et
580 2421 752 2509 geminum
763 2421 897 2508 gracilis
907 2429 1142 2504 mareseparet
1150 2420 1313 2502 Isthmos,

342 2526 410 2588 Nec
426 2527 549 2608 patitur
561 2530 712 2594 conferre
720 2530 859 2606 fretum3
878 2527 907 2592 si
917 2537 1006 2596 serre
1017 2526 1168 2608 recedat,
1301 2553 1304 2558 ·

342 2629 477 2696 Ionium
494 2634 626 2717 Aegaeo
640 2634 773 2720 irrugat
786 2655 897 2700 mare:
914 2633 979 2717 sio,
998 2633 1060 2698 uhi
1076 2651 1175 2696 saeva

326 2737 444 2803 orma
461 2741 587 2806 dueum
608 2741 787 2826 dirimens,
800 2743 992 2810 miserendo
1010 2741 1130 2806 funere
1141 2743 1278 2809 Crassus

343 2841 495 2924 Assyrias
509 2844 606 2910 Latio
624 2845 807 2912 maculavit
822 2845 985 2932 sanguiue
1002 2847 1156 2928 camus,
1279 2881 1283 2888 ¹
1368 2832 1370 2841 ¹

342 2948 496 3014 Parthica
515 2951 686 3018 Romanos
701 2955 874 3020 solverunt
891 2954 1015 3018 damus
1026 2952 1167 3018 furores.

344 3055 422 3122 Plus
435 3053 492 3122 illa
508 3059 603 3124 vobis
617 3061 706 3144 aeie,
728 3083 831 3144 quem
844 3061 996 3142 creditis,
1009 3070 1120 3127 aetum
1131 3068 1197 3144 est,
1275 3096 1279 3102 ·

345 3164 536 3237 Arsacidae
555 3171 683 3238 bellum
702 3169 797 3236 vietis
810 3169 909 3236 civile
924 3167 1070 3236 dedistis.

346 3270 516 3339 Dividitur
533 3275 622 3342 ferro
642 3297 806 3362 regnum:
822 3273 1007 3361 populique
1027 3271 1193 3360 potentis,

347 3380 442 3464 Quae
453 3402 559 3466 mare,
573 3403 659 3465 quae
672 3393 791 3466 terras,
802 3401 889 3466 quae
901 3392 1007 3446 totum
1021 3379 1166 3465 possidet
1176 3379 1317 3464 orbem,

346 3485 423 3552 Nou
438 3487 524 3572 cepit
535 3490 669 3556 fortuna
679 3491 772 3555 duos.
784 3491 879 3552 ¹Nam
889 3487 1033 3576 pignore
1042 3487 1149 3553 iuneti

347 3591 541 3680 Sanguinis,
559 3605 592 3664 et
605 3596 680 3663 diro
693 3597 813 3662 ferales
827 3595 941 3662 omine
959 3597 1071 3660 taedrr

348 3698 491 3765 Abstulit
506 3703 549 3764 ad
567 3721 700 3784 menes,
718 3705 913 3786 Parcarum,
925 3701 1026 3782 Iulia,
1037 3720 1158 3768 saeve.

348 3801 532 3892 Intercepta
544 3826 658 3896 mauu.
678 3809 778 3898 Quod
793 3809 822 3876 si
840 3810 902 3877 tihi
920 3809 988 3878 feta
1005 3808 1172 3878 dedissent

520 3943 618 4034 l',
