2824 4880
332 389 540 458 LIBER
578 386 648 455 lx,
686 385 819 457 ests,
997 387 1056 460 sto

84 536 228 607 bunum
244 532 372 604 annal
384 532 474 602 visus
487 530 635 622 patiens,
650 527 975 628 ipsiqsreretrorsoor

88 636 330 712 Effirsitaoicm
341 636 491 708 ,vitabant
504 639 680 724 Gorgonos
695 655 832 723 angues.
879 691 885 702 ,

87 745 150 815 Illa
166 747 230 812 sub
245 743 415 828 Hesperiis
432 753 573 812 stantem
586 743 706 812 'litans
723 741 888 810 columnis

87 853 127 920 In
139 861 253 928 cautes
267 851 401 922 adanu
415 848 524 916 dedite
540 850 700 932 coeloque
715 848 852 916 timente

89 957 182 1029 Olim
199 960 415 1044 Phlegraeos,
432 967 554 1024 stantes
567 967 734 1040 serpente,
747 956 915 1044 gigantas,

87 1063 202 1132 Erexit
214 1073 359 1146 montes,
375 1065 569 1146 bellumque
583 1063 733 1128 immane
746 1064 897 1130 Deorum

87 1165 243 1250 Pallados
257 1165 295 1233 in
307 1165 421 1232 medio
439 1166 581 1234 coniecit
595 1177 729 1250 pectore
745 1167 893 1254 Gorgon.

129 1248 207 1361 Quo
219 1284 396 1362 postquam
410 1285 506 1360 partu
525 1278 673 1356 Danaes,
691 1283 725 1338 et
739 1274 843 1342 divite
859 1273 978 1340 nimbo
1098 1283 1109 1294 ·

13 1455 16 1462 Ι
89 1377 211 1442 Ortum
224 1377 417 1446 Parrhasiae
433 1386 596 1446 vexerunt
611 1380 729 1464 Persea
742 1395 875 1460 pennae
1040 1439 1042 1446 .

87 1482 250 1563 Arcados,
265 1482 409 1550 auctoris
425 1480 587 1565 citharae,
603 1480 818 1569 liquidaeque
833 1482 1036 1570 palaestrae,

86 1582 128 1648 Et
141 1582 269 1658 suhites
283 1605 422 1668 praepes
437 1569 616 1668 Cyllenida
629 1584 762 1656 sustulit
778 1587 927 1668 harpen,

86 1684 227 1768 Harpen
239 1684 375 1752 alterius
390 1684 530 1754 monstri
545 1685 615 1756 iam
631 1687 732 1754 caede
747 1687 940 1772 rubentem,

88 1786 141 1874 [Α
156 1790 237 1856 Iove
252 1787 394 1858 dilectae
409 1789 485 1856 fuso
499 1791 635 1870 custode
650 1788 853 1874 iuvencaet]

87 1895 260 1963 Auxilium
276 1895 406 1964 volucri
425 1895 533 1964 Pallas
547 1895 623 1964 tulit
641 1894 770 1966 innuba
782 1893 895 1978 fratri,
1007 1947 1011 1962 ,

87 2003 187 2070 Pacta
198 2011 299 2090 caput
312 1999 470 2066 monstris
488 2011 659 2086 terraeque
671 1999 709 2066 in
721 1997 789 2066 fine
803 1997 962 2082 Libyssae
1016 2067 1019 2074 ,

84 2107 206 2171 Persea
222 2107 392 2173 Phoebeos
406 2103 556 2186 converti
569 2104 663 2174 iussit
676 2105 719 2165 ad
735 2112 842 2184 ortus,
906 2177 908 2184 Ι
992 2103 1051 2190 667

87 2209 262 2296 Gorgonos
271 2229 387 2276 averso
401 2210 585 2280 sulcantem
597 2229 701 2296 regna
715 2211 844 2274 volatur

85 2316 125 2383 Et
138 2317 297 2406 clypeum
312 2315 427 2383 laevae
439 2314 534 2378 fulvo
550 2313 643 2380 dedit
656 2333 732 2380 aere
749 2313 922 2397 nitentem,

85 2423 126 2488 In
140 2442 209 2507 quo
222 2420 391 2492 saxificam
409 2421 502 2492 iussit
518 2432 668 2508 spectare
683 2423 874 2505 Medusam,
918 2434 920 2444 ’

86 2529 198 2616 Quam
210 2547 310 2616 sopor
326 2535 494 2592 aeternam
513 2537 677 2592 tracturus
693 2537 800 2593 morte
817 2526 964 2608 quietem

87 2635 210 2708 obruit
225 2636 316 2700 haud
333 2643 446 2702 totam·
465 2633 593 2722 Vigilat
611 2651 688 2715 pars
704 2651 828 2718 magna
846 2641 1035 2716 comarum,

85 2742 343 2824 Defenduntque
361 2749 459 2824 caput
473 2736 622 2822 protenti
637 2737 784 2806 crinibus
799 2735 918 2822 hydri:

84 2849 165 2916 Pars
177 2845 263 2926 iacet
274 2845 313 2915 in
324 2843 452 2912 medius
467 2843 765 2926 uultus,.eculique
782 2846 944 2908 tenebras.

84 2953 164 3035 Ipsa
181 2949 267 3039 regit
282 2950 450 3035 trepidum
463 2950 587 3032 Pallas,
608 2949 789 3028 dextraque
805 2957 1002 3014 trementem

84 3057 221 3124 Perseos
238 3055 345 3122 aversi
361 3053 540 3140 Cyllenida
555 3045 669 3136 dirigit
685 3051 828 3140 harpen,

84 3162 168 3226 Lata
186 3159 384 3236 colubriferi
394 3179 553 3244 rumpens
573 3155 719 3228 confinia
733 3157 821 3226 colli.

86 3247 179 3353 ques
191 3266 310 3336 habuit
320 3269 431 3332 urltus
445 3264 553 3332 runnu
566 3265 706 3338 vulnero
723 3263 805 3334 ferri

86 3375 190 3438 Caesa
205 3381 304 3454 caput
317 3357 468 3458 Gorgoni
487 3379 613 3452 quanto
626 3368 767 3454 spirasse
781 3385 910 3432 veneno

87 3476 158 3540 Ora
173 3478 264 3540 rear!
283 3465 511 3560 quantumque
526 3475 640 3543 oculos
658 3469 828 3540 effundere
844 3469 977 3534 mortisl

85 3584 116 3646 N
118 3603 155 3646 ec
168 3583 276 3646 Pallas
288 3592 435 3664 spectare
447 3590 571 3664 potest:
585 3581 762 3664 vultusque
777 3581 943 3668 gelassent

87 3691 224 3758 Perseos
236 3689 379 3770 adversi,
392 3689 420 3753 si
431 3708 501 3756 ncn
518 3686 669 3750 Tritonia
685 3685 804 3750 densos

86 3781 262 3886 Sparsisset
277 3794 400 3880 crines,
416 3793 615 3882 texissetque
623 3811 683 3863 ora
699 3791 856 3862 colubris.
