2852 4878
353 365 562 438 LIBER
602 373 629 436 1.
669 313 794 462 uitta
1016 387 1053 454 ιε

77 511 170 580 Haec
178 530 318 598 mnus,
331 521 371 580 ut
379 513 506 580 vietum
515 524 590 600 post
599 524 690 603 terga
699 517 905 604 relinqueret
916 525 1052 618 orbem,

78 621 205 686 Oceani
225 621 370 686 tumidas
388 637 485 688 mmo
501 624 704 707 compescuit
721 630 848 712 undas,

76 732 187 820 fregit
204 740 240 794 et
250 735 375 796 Arctoo
389 741 601 826 spumantem
617 731 742 796 vertice
760 735 928 804 Rhenum.

75 841 166 904 Iussa
174 836 272 920 sequi
285 846 352 900 tam
362 857 458 921 posse
470 835 573 920 mihi,
587 857 690 928 quam
700 839 788 904 velle
803 861 936 910 necesse
946 855 1006 915 est.

18 1023 19 1026 Ἴ
76 949 142 1012 Nec
156 947 239 1011 civis
252 967 347 1010 meus
358 954 416 1027 est,
431 945 468 1008 in
481 965 583 1027 quem
595 955 651 1010 tua
660 945 815 1033 classica,
830 953 966 1042 Caesar,

76 1055 231 1118 Audiero.
251 1049 425 1140 Persigna
434 1047 670 1119 decemteucia
682 1052 812 1136 castris,

18 1209 20 1216 .
76 1164 202 1243 Perque
213 1169 286 1223 tuos
294 1158 371 1222 iuro
382 1175 583 1240 quoeunque
591 1160 738 1252 ers—hosta
750 1159 954 1245 triumphos3

76 1269 210 1330 Pectore
220 1262 369 1328 silratris
375 1261 545 1348 gladium,
557 1262 743 1349 iuguloque
752 1268 901 1347 parentis

77 1375 289 1445 Condere-me
305 1371 435 1453 iubeas,
450 1372 637 1454 plenaeque
649 1373 688 1438 in
699 1373 827 1440 viscera
840 1389 940 1461 pann

78 1476 252 1564 Coniugis,
269 1475 376 1539 invita
388 1495 548 1562 peragam
564 1477 675 1542 tamen
691 1476 805 1542 omnia
825 1481 960 1548 hetha:
1004 1559 1007 1564 ¹

76 1577 108 1640 Si
119 1578 265 1661 spoliare
275 1579 379 1661 Deos,
395 1578 577 1666 ignemque
597 1577 777 1661 immittere
797 1584 948 1670 templis,
1044 1625 1048 1648 2

18 1749 20 1764 ,
76 1684 216 1749 Numina
224 1683 376 1750 miscebit
388 1685 561 1750 castrensis
575 1687 710 1749 hamma
722 1689 895 1756 Monetae:

76 1797 184 1859 Castra
198 1815 300 1879 super
316 1792 417 1858 ‘lbrsei
434 1792 601 1876 uponme
616 1790 763 1856 Tibridis
776 1795 907 1882 undas,

75 1903 250 1988 Hesperios
265 1903 375 1966 audax
392 1899 529 1965 reniam
545 1909 688 1966 metator
705 1901 744 1966 in
759 1922 868 1990 agros.

74 2013 120 2076 Tu
132 2031 350 2094 quoscunque
362 2011 456 2077 voles
471 2009 508 2073 in
527 2009 667 2094 planum
686 2005 860 2077 effundere
879 2034 1009 2101 muros,
1025 2059 1044 2103 ἱ,

75 2118 129 2183 His
140 2119 225 2184 aries
242 2127 334 2182 actus
350 2116 519 2204 disperget
529 2135 609 2180 saxa
619 2115 770 2180 lacertisr
972 2126 1034 2202 384

75 2225 131 2287 llla
145 2225 240 2308 licet,
258 2222 390 2308 penitius
405 2222 479 2287 tolli
495 2241 598 2304 quam
616 2221 750 2288 iusseris
766 2225 901 2311 urbem,

75 2332 173 2394 Roma
185 2329 240 2393 sit.
258 2329 320 2394 llis
334 2337 471 2393 cunetae
487 2327 588 2393 simul
606 2328 782 2392 eduensem
796 2333 965 2418 cohortes,

75 2435 243 2516 Elatasque
254 2434 336 2516 alte,
356 2451 576 2514 quaeeunque
592 2433 636 2496 ad
648 2433 738 2498 bella
752 2447 903 2520 vocaret,

74 2539 251 2604 Promisere
262 2559 390 2603 manns.
412 2539 443 2602 It
460 2546 570 2604 tantus
583 2535 620 2600 in
638 2537 774 2606 aethera
793 2521 941 2623 elamor,¹

75 2650 236 2734 Quantus,
255 2645 390 2732 piniferi
400 2649 519 2710 Boreas
533 2663 610 2708 cum
626 2642 788 2712 Thracius
799 2647 901 2712 Ossae

53 2781 59 2786 ·
74 2751 217 2836 Rupibus
233 2749 399 2832 incubuit,
417 2759 553 2812 curvato
570 2750 692 2812 robore
707 2769 839 2830 pressae
880 2764 885 2774 ’

74 2862 119 2925 Fit
128 2879 245 2944 sonus,
257 2871 316 2924 aut
327 2879 441 2926 rursus
456 2856 627 2922 redeuntis
645 2856 681 2919 in
696 2857 835 2920 aethera
850 2855 964 2923 silvae.

109 2974 244 3053 Caesar,
258 2979 295 3032 ut
305 2978 478 3050 acceptum
490 2976 558 3028 tam
571 2982 679 3046 prono
692 2961 800 3026 milite
811 2963 957 3048 bellum,

73 3075 208 3157 Fataque
223 3075 311 3138 ferre
327 3074 436 3155 uidet,
452 3089 579 3151 nequo
594 3069 758 3155 languore
775 3077 925 3130 moretur

74 3178 264 3262 Fortunam,
280 3195 409 3260 sparsas
423 3195 485 3258 per
498 3171 628 3237 Gallica
641 3191 721 3232 rura
735 3172 889 3263 cohortes

73 3281 198 3366 Evocat,
214 3293 248 3346 et
263 3284 406 3344 Romam
423 3277 522 3342 motis
542 3274 624 3360 petit
641 3274 792 3356 undique
808 3273 924 3361 signis.

73 3387 243 3450 Deseruere
258 3407 341 3450 cavo
359 3383 501 3450 tentoria
515 3381 583 3446 fixa
601 3383 788 3462 lemanno,
1033 3455 1036 3462 ,

73 3491 259 3574 Castraque,
275 3509 361 3570 quae
372 3481 497 3572 Vogesi
506 3505 642 3548 curvam
653 3503 755 3566 super
766 3482 872 3544 ardua
885 3501 1018 3568 rupem
1047 3511 1049 3518 ’

72 3593 231 3679 Pugnaces
248 3592 344 3675 pictis
355 3589 555 3654 cohibebant
570 3587 740 3672 Lingonas
756 3579 892 3648 armis.⁴
924 3669 928 3678 Ι

72 3697 110 3758 Ηί
123 3702 209 3762 vada
227 3699 398 3780 liquerunt
414 3699 541 3777 Isarae,
558 3692 617 3776 qui
631 3691 766 3781 gurgite
783 3684 901 3759 ductus
1014 3749 1027 3768 ,

73 3801 125 3866 Per
138 3797 325 3908 tamqmult'a
339 3821 417 3884 suo,
437 3801 546 3866 famae
567 3799 703 3889 maioris
719 3799 908 3890 inamnem
