2824 4880
363 427 423 490 262
619 419 1069 485 Pflaussulsu
1167 425 1289 500 usta.

361 571 493 632 Donata
513 575 561 630 est
578 585 645 628 nox
659 585 727 628 una
743 563 835 647 duci,
852 564 1002 648 vixitque
1019 565 1155 632 Pothini

363 674 504 736 Munere
520 671 690 732 Phoebeos
707 671 827 734 Caesar
839 669 961 733 dilatus
974 671 1011 734 in
1030 681 1134 736 ortus.

406 777 571 856 Lucifera
587 777 682 838 Casia
695 776 867 861 prospexit
884 799 987 862 rupe,
1001 779 1158 862 diemque

365 885 455 953 Misit
463 885 498 948 in
513 887 719 972 Aegyptum,
734 883 846 966 primo
859 903 992 964 quoque
1007 886 1077 948 sole
1094 885 1257 948 calentem
1265 899 1280 964 ς·

366 993 451 1054 Cum
465 990 582 1073 procul
599 1007 619 1048 a
636 987 741 1050 muris
753 986 840 1049 acies
855 1006 924 1055 non
936 1007 1051 1072 sparsa
1066 988 1241 1074 maniplis,

364 1097 434 1158 Nec
446 1113 532 1183 vaga
546 1093 763 1178 conspicitur,
777 1096 837 1158 sed
848 1093 951 1158 iustos
966 1094 1074 1176 qualis
1085 1097 1128 1157 ad
1140 1099 1254 1162 hostes

363 1203 468 1268 Recta
483 1203 592 1266 trente
604 1201 706 1263 venit
722 1200 854 1264 Passuri
871 1202 1022 1265 eominus
1039 1223 1150 1286 arma,

364 1309 546 1392 Laturique
563 1321 673 1374 ruunt.
690 1313 733 1374 At
748 1313 869 1372 Caesar
883 1307 1059 1400 moenibus
1076 1310 1170 1375 urbis

364 1415 519 1498 Diffisus,
536 1417 664 1482 foribus
682 1419 812 1480 clausae
829 1437 865 1481 se
881 1417 1027 1504 protegit
1044 1419 1158 1501 aulae,

365 1527 553 1612 Degeneres
566 1546 679 1609 passus
693 1527 845 1589 latebras.
859 1529 928 1587 Neo
944 1535 1012 1587 tota
1028 1527 1168 1589 vacabat

364 1631 473 1717 Regia
488 1651 695 1716 compressos
713 1633 854 1696 minima
870 1635 1049 1720 collegerat
1063 1650 1158 1696 arma

364 1744 462 1806 Parte
472 1745 608 1806 domus:
625 1753 766 1829 tangunt
780 1743 910 1804 animos
924 1742 1073 1824 iraeque,
1093 1749 1285 1824 metusque

363 1849 406 1913 Et
418 1849 509 1914 timet
520 1851 685 1932 incursus,
704 1851 963 1937 indignaturque
980 1849 1107 1912 timere.

364 1954 419 2018 sic
435 1957 546 2020 fremit
558 1955 594 2021 in
606 1958 717 2040 parvis
734 1959 804 2019 fera
817 1955 940 2020 nobilis
954 1954 1069 2018 abdita
1089 1954 1256 2036 claustris,

364 2064 406 2126 Et
419 2064 541 2152 frangit
553 2065 687 2148 rapidos
699 2083 893 2148 praemorso
909 2081 1041 2126 carcere
1060 2059 1183 2123 dentes.

365 2171 435 2236 Nee
445 2194 538 2238 secus
547 2173 583 2236 in
598 2173 715 2238 Siculis
732 2174 856 2236 fureret
874 2180 930 2233 tua
948 2171 1082 2230 flamma
1099 2163 1267 2248 cavernis,
1278 2183 1327 2244 447
1390 2189 1391 2192 ’

368 2279 563 2344 Obstrueret
573 2277 777 2344 summamsi
792 2275 866 2358 quis
877 2274 955 2355 tibi,
969 2270 1151 2351 Mulciber,
1165 2273 1311 2334 Aetnam.

366 2385 483 2448 Audax
496 2383 676 2448 Tbes‘salici
689 2382 748 2467 qui
762 2393 870 2464 nuper
886 2400 971 2462 rupe
982 2379 1045 2440 sub
1059 2377 1196 2458 Haemi,

366 2489 547 2572 Hesperiae
564 2499 701 2559 cunctos
718 2507 887 2572 proceres,
907 2483 1079 2563 aciemque
1097 2483 1255 2564 Senatus,

367 2593 632 2676 Pompeiumque
648 2597 784 2674 ducem,
803 2611 901 2654 eausa
915 2605 1048 2671 sperare
1064 2593 1214 2668 vetante,

365 2697 442 2762 Non
458 2695 579 2778 timuit,
593 2698 768 2778 fatumque
782 2693 845 2758 sibi
858 2691 1012 2778 promisit
1029 2689 1200 2771 iniquum,

366 2799 509 2883 Expavit
521 2799 641 2864 servile
654 2802 760 2883 nefas,
778 2799 931 2880 intraque
943 2806 1080 2882 penates

368 2905 532 2968 Obruitur
542 2907 630 2985 telis3
646 2927 747 2988 quern
760 2925 829 2968 non
845 2905 1000 2967 violasset
1013 2903 1157 2981 allartus,

301 3083 304 3090 ,
367 3009 443 3070 Non
453 3010 593 3092 Scytha,
610 3029 678 3072 non
688 3008 755 3071 fixo
765 3007 822 3090 qui
831 3006 917 3069 ludit
931 3005 967 3066 in
979 3001 1109 3086 hospite
1124 3003 1273 3065 Maurus·

368 3112 449 3193 Hic,
464 3113 518 3176 oui
530 3111 675 3175 Romani
687 3111 833 3196 spatium
846 3130 916 3172 non
934 3102 1055 3170 sufficit
1068 3102 1174 3184 orbiS,

368 3219 540 3298 Parvaque
555 3237 658 3305 regna
668 3225 762 3300 putat
778 3211 890 3296 Tyriis
907 3231 984 3273 cum
1001 3207 1149 3271 Gadibus
1160 3207 1274 3287 Indos,

369 3325 438 3386 Ceu
449 3347 533 3408 puer
551 3321 709 3406 imbellis,
729 3343 789 3384 ceu
806 3319 910 3404 captis
927 3317 1053 3384 femina
1065 3315 1186 3397 muris,
1288 3377 1290 3384 ,

370 3429 509 3516 Quaerit
520 3439 589 3492 tuta
598 3432 733 3492 domus:
746 3447 840 3512 spem
849 3424 937 3489 vitae
947 3422 982 3486 in
994 3421 1110 3486 limine
1122 3423 1235 3484 clauso

362 3537 468 3606 'Ponit
473 3583 483 3620 ,
497 3549 528 3600 et
541 3539 668 3601 incerto
682 3540 799 3600 lustrat
815 3554 919 3620 vagus
932 3530 1016 3594 atria
1035 3549 1151 3593 cursu:

373 3649 448 3714 Non
457 3646 529 3710 sine
537 3668 614 3733 rege
627 3657 754 3724 tamen3
766 3657 867 3726 quem
881 3641 972 3704 ducit
981 3639 1018 3704 in
1030 3637 1144 3702 omnia
1156 3651 1286 3717 secum,

375 3751 548 3820 Sumturus
557 3766 681 3830 poenas
692 3759 723 3812 et
732 3758 825 3838 grata
836 3745 969 3830 piacula
987 3741 1105 3821 morti3

375 3854 600 3938 Missurusque
614 3865 724 3942 tuum,
736 3856 765 3922 si
777 3876 846 3920 non
856 3855 923 3926 sint
934 3855 1014 3940 tela,
1029 3865 1137 3936 rteque
1147 3851 1256 3941 ignes,
1283 3931 1285 3936 Δ
