2788 4880
352 369 390 430 bd
611 355 1053 424 PHARSALIAE
1148 374 1270 433 Μαι.

323 516 325 520 ’
350 508 473 575 Felices
489 505 584 574 nullo
599 512 748 588 spectant
765 501 877 567 civilia
893 507 984 564 voto.

391 619 466 679 Non
484 614 600 676 eadent
616 611 698 676 h'elli
714 618 823 678 ,totum
842 608 976 672 fortuna
997 625 1059 689 per
1076 607 1195 670 orbem

350 716 519 791 Constitit;
541 715 578 778 in
589 723 705 796 partes
723 710 850 792 aliquid
867 712 926 774 sed
947 711 1094 774 camaris
1110 729 1190 772 ausa
1210 720 1272 793 est,

350 827 426 910 Qua
439 820 539 886 maris
559 816 723 892 Hadriaci¹
735 819 851 904 longas
868 814 944 878 ferit
965 813 1055 878 unda
1076 816 1235 900 balenas,

350 930 391 990 Et
410 925 557 1009 tepidum
576 923 613 986 in
633 924 750 986 molles
773 923 942 1004 Zephyros
961 920 1105 990 excurrit
1120 923 1229 986 Iader.
1381 958 1382 1020 t

349 1028 424 1094 Illic
446 1025 566 1090 bellaci
585 1023 727 1090 confisus
745 1034 847 1109 gente
862 1025 1037 1106 Curetum,

256 1125 263 1141 ’
351 1137 443 1218 Quos
462 1132 521 1194 alit
535 1131 701 1194 Hadriaco
722 1131 820 1194 tellus
833 1128 1028 1194 circumflua
1047 1139 1171 1214 ponto,

352 1240 526 1304 Clauditur
542 1248 688 1302 extrema
708 1236 855 1304 residens
871 1235 1129 1318 Antonius-ors,

351 1348 474 1408 Cautus
491 1346 535 1408 ab
551 1343 685 1406 incursu
703 1341 799 1423 belli,
814 1342 843 1404 si
859 1343 930 1406 sola
946 1345 1093 1425 recedat,

350 1451 527 1534 Expugnat
545 1466 629 1528 quae
648 1454 733 1527 tuta,
748 1445 861 1510 fames.
883 1449 958 1508 Non
976 1449 1102 1529 pabula
1121 1449 1219 1512 tellus

350 1549 526 1616 Pascendis
547 1547 712 1613 submittit
730 1548 842 1630 equis,
866 1567 936 1614 non
959 1551 1099 1633 proserit
1117 1552 1224 1616 ullam

351 1659 453 1722 Flava
470 1659 567 1720 Ceres
587 1663 744 1740 segetem:
765 1654 930 1737 spoliabat
948 1655 1099 1742 gramine
1117 1675 1274 1742 campum
1383 1693 1384 1726 ἢ

350 1763 463 1844 Miles,
483 1774 516 1826 et
536 1773 663 1828 attonso
677 1759 805 1824 miseris
820 1760 889 1826 iam
901 1760 1057 1825 dentibus
1073 1780 1153 1826 arvo

352 1869 543 1930 Castrorum
561 1862 663 1928 siccas
680 1861 860 1946 decerpite
880 1864 1025 1939 yulserat
1043 1865 1173 1928 herbas.

352 1974 397 2033 Ut
415 1972 562 2054 primum
581 1971 736 2032 adversae
755 1968 862 2036 socios
880 1969 917 2032 in
931 1968 1035 2034 litore¹
1045 1979 1153 2034 terrae
1253 1972 1305 2049 415

222 2090 224 2100 ’
351 2077 392 2140 Bt
406 2075 685 2140 Basilumvidere
702 2074 838 2166 ducem,
857 2093 945 2136 nova
965 2073 1055 2138 furta
1073 2097 1133 2160 per
1148 2095 1271 2158 aequor
1384 2058 1385 2140 i

297 2163 312 2176 ”
351 2185 521 2264 Exquisita
538 2185 646 2268 fugae.
667 2185 781 2263 Neque
796 2182 887 2246 enim
907 2184 949 2246 de
970 2203 1064 2248 more
1082 2183 1212 2250 carinas
1384 2249 1385 2252 ,

351 2287 552 2368 Extendunt,
570 2305 764 2369 puppesque
781 2285 907 2369 levant,
928 2287 987 2350 sed
1004 2284 1100 2350 firma
1117 2286 1291 2376 gerendis·

351 2389 498 2452 Molibus
516 2387 650 2452 insolito
672 2398 852 2455 contexunt
867 2391 990 2454 robora
1008 2392 1120 2456 ductu.
1385 2424 1386 2470 q

352 2493 504 2572 Namque
521 2503 626 2554 ratem
644 2511 770 2555 uacuae
788 2500 970 2561 sustentant
986 2482 1135 2574 undique
1152 2492 1271 2576 c'upae,
1385 2485 1386 2498 ¹

286 2625 289 2634 .
352 2600 503 2682 Quarum
520 2599 678 2682 porrectis
693 2598 794 2662 series
813 2598 992 2664 constricta
1004 2597 1128 2665 catenis

234 2779 241 2790 ρ
278 2763 281 2769 ,
353 2699 537 2767 Ordinibus
556 2702 697 2790 gentinis
715 2702 868 2784 obliquas
889 2703 1013 2787 excipit
1027 2705 1132 2782 alnos.

352 2807 421 2874 Nee
434 2795 520 2894 gerit
534 2806 718 2891 expositum
736 2805 807 2872 telis
822 2805 859 2870 in
874 2807 985 2920 iropte
1001 2807 1129 2892 patenti

352 2907 561 2994 Remigius}
575 2911 650 2995 sed,
668 2913 759 2993 quod
776 2911 924 2976 trabibus
937 2911 1155 2992 circumdedit
1172 2915 1307 2998 assequor¹

352 3019 427 3082 Hoc
446 3018 538 3101 ferit,
561 3029 593 3082 et
614 3018 705 3087 taciti
724 3020 862 3102 praebet
881 3017 1044 3084 miracula
1063 3007 1190 3108 curius,
1245 3091 1249 3102 ,

354 3125 454 3208 Quod
471 3145 534 3188 neo
552 3125 626 3188 vela
641 3124 740 3206 ferat,
758 3145 820 3188 nec
838 3134 968 3206 apertas
986 3125 1137 3190 verberet
1155 3128 1268 3191 undas.

352 3230 448 3292 Tunc
466 3228 550 3294 freta
566 3239 754 3310 servantur,
774 3230 856 3294 dum
875 3251 910 3292 se
926 3229 1109 3295 declivibus
1124 3231 1223 3295 undis

328 3367 330 3370 v
352 3333 466 3394 Aestus
482 3341 573 3418 agat,
590 3333 761 3414 refluoque
776 3333 863 3398 mari
879 3336 1046 3400 nudentur
1062 3356 1192 3400 arenae.

304 3439 306 3452 '
351 3438 489 3516 Iamque
508 3437 669 3502 relabenti
693 3441 881 3508 crescebant
896 3440 994 3508 litora
1010 3456 1128 3528 pont03
1240 3499 1242 3508 ,

353 3543 452 3608 Missa
474 3543 553 3608 ratis
570 3565 678 3626 prono
697 3545 843 3610 defertur
858 3551 951 3634 lapsa
964 3552 1147 3633 profirndo,

352 3648 394 3712 Et
413 3647 567 3734 geminae
584 3650 729 3715 comites.
750 3655 891 3718 Cunctas
909 3671 1009 3738 super
1027 3659 1132 3722 ardua
1153 3658 1248 3726 turris

269 3797 278 3846 t
354 3745 499 3830 Eminet,
518 3759 550 3812 et
565 3753 712 3822 tremulis
729 3757 874 3822 tabulata
890 3757 1190 3856 minantiapinnis'.
