2824 4880
314 349 523 425 crena
562 354 691 422 v111.
730 355 855 440 esp.
1012 361 1072 426 aar

92 489 319 575 Attonitoque
331 503 422 558 metu
440 515 501 560 nec
515 513 686 578 quoquam
701 496 874 562 ademere
884 493 985 581 visun,

90 601 166 664 Nec
180 601 346 688 Magnum
362 609 512 684 spectare
528 611 645 683 potest.
661 601 756 666 Stetit
768 601 868 668 anxia
889 601 1003 671 elassis
1103 669 1106 675 .

90 711 149 772 Ad
163 707 261 774 ducis
276 718 451 790 eventum,
462 718 611 774 metuens
623 730 692 774 uon
704 731 797 774 arma
807 712 981 797 celesque,

90 817 163 880 Sed
184 837 229 879 ne
242 814 413 882 submissis
423 815 578 898 precibus
596 817 773 902 Pompeius
786 821 902 884 adoret
961 863 965 874 ι

90 921 237 1004 Sceptra
253 941 313 984 sua
330 922 452 982 donata
467 939 581 984 mann.
599 922 753 990 Transire
770 935 946 1010 manen
1019 974 1025 1005 ι,

91 1023 273 1088 Romanus
289 1023 409 1089 Pharis
428 1024 525 1088 miles
541 1027 584 1088 de
599 1047 712 1112 puppe
726 1029 852 1092 salutet

90 1127 295 1212 Septimius:
311 1128 385 1212 qui,
400 1149 463 1212 pro
475 1128 638 1214 Superdm
653 1133 885 1214 pudor,nrma
898 1129 1028 1200 satelles
1150 1197 1155 1207 ,

91 1232 205 1322 Regia
220 1236 369 1321 gestabat
383 1234 492 1319 posito
507 1235 672 1304 deformia
686 1236 775 1320 pilo,

90 1338 280 1422 Immanis,
292 1339 475 1422 violentus,
488 1341 596 1422 dtrox,
614 1341 774 1422 nullaque
790 1341 938 1406 ferarum

92 1445 214 1511 Mitior
225 1445 263 1510 in
280 1447 405 1522 caedes.
424 1445 508 1534 Quis
517 1467 604 1530 non,
624 1450 786 1531 Fortuna,
802 1457 947 1534 putasset

92 1555 238 1619 Parcere
252 1561 283 1616 te
300 1549 447 1636 populis,
465 1551 557 1633 quod
566 1549 655 1614 bello
665 1550 749 1614 haec
759 1551 1048 1648 dextrsracnsset,

91 1657 334 1741 'ihmsalinquc
347 1657 466 1742 procul
484 1664 552 1720 tam
568 1653 670 1720 noxia
683 1657 748 1718 tela
758 1655 927 1742 fugasses?

90 1761 256 1846 Disponis
264 1762 410 1848 gladios,
428 1779 472 1828 ne
491 1783 560 1845 quo
575 1782 644 1826 non
660 1758 718 1831 fist
730 1759 767 1826 in
783 1759 883 1843 orbe,

92 1869 192 1950 Heu,
208 1867 338 1930 facinus
355 1867 454 1932 civile
467 1866 538 1932 tibi.
557 1865 747 1934 Victoribus
764 1867 843 1952 ipsis

92 1975 264 2054 Dedecus,
280 1981 312 2036 et
325 1992 499 2056 nunquam
511 1971 677 2056 Superum
694 1974 838 2040 caritura
852 1977 981 2062 pudone
1113 2019 1122 2046 .
1225 1993 1228 2001 “

92 2077 242 2154 Fabula3
257 2075 427 2140 Romanus
441 2074 527 2162 Regi
540 2075 588 2140 sie
600 2075 711 2160 paruit
726 2077 828 2159 ensis,
1007 2073 1067 2140 606

92 2181 316 2260 Pellaeusque
330 2190 415 2262 puer
430 2180 544 2268 gladio
565 2180 626 2246 tihi
643 2183 729 2246 eolla
745 2181 873 2265 recidit,

9 2279 11 2284 ’
94 2286 238 2368 Magne,
252 2290 320 2348 tuo.
338 2281 413 2368 Qua
429 2283 603 2368 posteritas
619 2283 655 2350 in
673 2287 784 2348 secula
796 2285 906 2354 mittet

9 2391 11 2402 '
95 2387 297 2472 Septimium
314 2388 428 2454 fama?
445 2392 851 2474 scelushocquonomine
869 2391 995 2476 dicent,

93 2495 167 2580 Qui
178 2495 271 2562 Bruti
285 2493 400 2562 dixere
413 2497 524 2562 nolas?
539 2497 611 2562 lem
628 2507 765 2560 venerat
779 2497 884 2562 horae
1000 2579 1005 2590 ⁸

92 2602 275 2668 Terminus
288 2613 470 2685 extremae,
488 2603 711 2684 Phariamque
726 2603 855 2668 ablatus
873 2597 912 2668 in
928 2599 1046 2670 alnum

93 2708 291 2774 Perdiderat
302 2707 370 2778 iun
388 2707 462 2774 iura
474 2707 537 2772 sui.
552 2709 638 2772 Tum
649 2709 810 2795 stringere
821 2707 948 2772 serrum
1116 2694 1124 2712 ⁵

92 2815 206 2904 Regia
216 2825 365 2884 mensus
381 2827 510 2901 parant.
529 2819 574 2880 Ut
591 2817 676 2884 sidit
692 2817 844 2881 cominus
861 2837 973 2898 enses,

93 2921 244 2986 Involvit
256 2924 382 2991 mltusr
400 2933 499 3004 atquc
511 2922 704 3010 indignatus
717 2932 871 3004 apertum

92 3027 262 3092 Fortunae
273 3027 434 3108 praebere
446 3036 568 3110 eaput,
584 3037 665 3090 tune
681 3025 810 3088 lumina
824 3022 958 3108 pressit,

93 3131 334 3216 Continuitque
352 3133 517 3217 animam,
538 3155 582 3198 ne
597 3129 863 3223 quasxeffirndere
877 3145 976 3198 voce!

93 3238 225 3318 Posset,
242 3245 275 3300 et
289 3247 458 3303 aeternam
472 3240 551 3302 fletu
570 3258 783 3323 corrumpere
799 3238 935 3303 famam.

138 3348 182 3408 At
195 3355 371 3428 postquam
389 3367 550 3413 mucrone
564 3332 650 3413 latus
663 3349 811 3412 funestus
823 3347 972 3412 Achillas

94 3445 246 3512 Perfodit
255 3491 266 3528 ,
283 3447 379 3512 nullo
396 3449 523 3534 gemitu
539 3449 704 3514 consensit
717 3451 760 3510 ed
772 3448 894 3526 ictum3

82 3549 438 3634 'Despexitquenefas‚
457 3561 632 3633 servatque
650 3550 822 3616 immobile
838 3571 976 3636 corpus,

95 3655 207 3736 Seque
214 3657 335 3738 probat
343 3656 502 3739 moriens,
517 3667 615 3738 atque
625 3655 751 3722 haecin
761 3667 895 3739 pectore
905 3657 1026 3738 volvite

96 3761 216 3826 Secula
226 3763 395 3831 Romanos
405 3761 579 3851 nunquam
595 3765 735 3833 tacitura
749 3767 880 3832 labores
