2852 4878
208 343 327 417 nor.
341 343 434 416 ur.
453 343 519 418 nr
543 344 596 418 M.
611 315 958 426 arsurumne
1019 369 1062 424 ιι

299 571 853 645 PHARSALIAElibrr'.

143 743 291 816 Exstant
301 744 372 815 eius
387 743 598 820 Pharsaliae.
612 745 684 816 sive
695 745 742 816 de
754 745 851 816 bello
864 743 960 814 civili
972 743 1061 816 Cae·

94 857 174 925 saris
195 871 307 948 atque
318 853 502 947 Pompeii,
523 853 625 946 quod
640 877 759 956 pugna
773 853 817 924 ad
832 855 1061 941 Pharsalum,

95 963 293 1036 Thessaliae
308 960 449 1047 urbem,
475 985 548 1053 qua
569 957 789 1052 Pompeium
809 960 931 1030 Caesar
953 959 1058 1046 vicit,

93 1071 238 1144 'finitum
253 1073 430 1160 est,Libri
441 1073 485 1144 X.
509 1071 843 1144 carmine'lleroico.
869 1073 1059 1177 Quantum

95 1207 140 1253 ex
152 1182 328 1276 praesenti
349 1205 457 1276 opere
476 1182 608 1279 gloriae
630 1181 696 1252 sibi
709 1183 912 1276 promiserit
933 1199 1058 1254 auctor

94 1293 186 1388 ipse,
204 1309 304 1387 patet
316 1318 362 1364 ex
380 1293 431 1362 his
444 1293 520 1364 eius
538 1293 653 1366 verbis
666 1293 729 1365 IX.
750 1295 831 1388 983.
843 1314 916 1388 seq.

140 1407 273 1477 Invidia
286 1429 419 1480 sacrae,
439 1401 577 1478 Caesar,
594 1431 634 1476 ne
648 1423 783 1498 tongere
790 1403 936 1500 famata

140 1515 231 1586 Nam
243 1517 273 1583 si
286 1514 365 1608 quid
373 1515 482 1584 Latiis
486 1511 552 1610 far
570 1531 618 1583 est
629 1515 818 1612 promittere
831 1513 958 1590 Musis.

139 1623 312 1804 guantum
329 1623 499 1719 Smyrnaei
509 1636 521 1674 ¹
540 1623 704 1694 durabunt
714 1626 801 1695 varis
822 1623 977 1700 honores,

171 1736 281 1803 enturi
293 1759 342 1802 me
359 1750 448 1829 teque
462 1735 590 1828 legent.-
608 1732 779 1802 Pharsalia
795 1751 908 1804 nostra

144 1840 257 1917 Vivet.
269 1860 303 1914 et
316 1842 436 1913 anullo
451 1843 587 1912 tenebris
602 1841 810 1912 damnabitur
823 1867 909 1916 aevo.

93 1947 293 2020 Tumorem
307 1949 443 2022 Lucani
459 1952 689 2046 reprehendit
705 1953 771 2024 Iul.
792 1953 889 2024 Caes.
905 1949 1057 2049 Scaliger

10 2045 11 2080 ¹
93 2077 128 2130 et
139 2057 328 2132 Caussinus
342 2060 402 2133 111.
420 2083 474 2132 ro.
497 2059 544 2130 de
557 2063 763 2154 eloquentia
777 2087 868 2134 sacra
888 2080 925 2134 et
937 2061 1057 2156 profa-

92 2193 146 2242 na.
159 2171 247 2242 Non
257 2157 636 2267 minrrsrepiehendas,
652 2174 718 2245 nisi
728 2174 814 2245 velis
825 2199 888 2269 per
903 2173 1055 2246 ironiam

9 2358 10 2382 Ξ
93 2279 233 2352 dictum
249 2281 456 2370 admittere,
474 2282 578 2380 quod
594 2284 728 2354 mirum
743 2283 782 2357 in
797 2284 950 2356 modum
965 2281 1056 2354 adu·

9 2391 10 2398 '
92 2393 183 2464 latur
201 2391 361 2480 Neroni,
379 2418 496 2486 usque
514 2394 626 2482 adeo,
640 2411 682 2466 ut
698 2419 783 2466 cum
801 2394 925 2464 multis
940 2391 1055 2464 verbis

92 2500 272 2574 bellorum
290 2503 451 2574 civilium
463 2504 684 2576 atrocitatem
698 2520 735 2574 et
753 2503 930 2576 miseriam
948 2524 1055 2600 exag-

92 2631 237 2712 gerasset
250 2665 261 2700 ,
276 2611 469 2713 subiungat
484 2613 546 2685 lib.
561 2615 588 2686 1.
610 2637 696 2685 vers.
709 2637 768 2704 44.
1007 2625 1009 2632 '

138 2727 285 2796 Multum
297 2725 401 2796 Romo
420 2741 526 2796 tamen
542 2725 634 2796 debet
655 2725 800 2798 civilibus
822 2727 942 2803 armis,

137 2839 239 2951 Quod
253 2839 372 2910 tiltres
393 2857 469 2908 actu
494 2857 542 2909 est
558 2877 594 2892 -
632 2879 667 2892 -

91 2945 338 3018 Astronomiae
360 2947 521 3042 peritiam
536 2948 574 3017 in
592 2947 738 3032 Lucano
761 2941 985 3014 desiderabat
997 2943 1056 3013 Io·

90 3059 217 3154 sephus
231 3054 383 3154 Scaliger
396 3059 595 3156 Prolegom.
607 3057 651 3128 ad
663 3055 785 3128 Manil.
798 3071 834 3125 et
845 3046 942 3140 alibi,
953 3077 1052 3123 eum·

9 3261 10 3270 ἵ
92 3195 162 3262 que
177 3183 317 3240 secutus
329 3169 475 3240 Grotius
487 3168 532 3238 ad
547 3169 607 3239 lib.
618 3169 645 3239 I·
667 3192 752 3240 vers.
772 3191 829 3257 54.
842 3181 879 3235 et
893 3163 1054 3234 Barthius

9 3285 11 3306 '
91 3281 179 3352 Llll.
197 3283 229 3352 6.
259 3279 440 3352 Adversar.
456 3279 526 3351 Sed
544 3280 706 3358 defendit
723 3279 913 3349 Lucanum
930 3275 957 3344 F
959 3297 1053 3348 rane.

58 3377 62 3386 ⁵
90 3391 291 3479 lnsulanus,
306 3408 516 3485 procurator
531 3390 725 3474 Parisinus,
744 3389 782 3458 in
801 3384 974 3483 Apologia
985 3407 1052 3478 pro

91 3503 225 3576 Lucani
242 3503 495 3572 Mathematica
510 3502 676 3572 adversus
691 3499 927 3596 Scaligerum,
950 3489 1054 3568 versi·¹

90 3617 156 3688 bus
176 3615 273 3688 edita
296 3617 399 3688 Paris.
426 3615 530 3705 1582.
551 3643 584 3708 4·
611 3639 721 3708 quam
743 3613 930 3711 impugnat
948 3611 1054 3684 Scali-

122 3822 134 3862 1
153 3806 294 3862 Homerum
307 3807 438 3877 intelligit.
