2788 4880
347 367 552 432 LIBER
592 369 674 432 ΙΙΙ.
714 389 745 430 v.
769 391 837 478 719.
1038 371 1076 448 73

101 517 277 580 Bellorum
294 533 397 579 casus.
412 519 586 602 Ingentem
605 516 722 580 militis
738 537 835 606 uspm

100 627 182 688 Hoc
193 625 293 685 habet
305 644 347 684 ex
359 643 481 709 magna
497 625 688 686 defunctum
705 632 799 704 parte
816 623 973 700 cadavcr3

100 727 260 792 Viventis
275 727 395 790 feriere
410 729 494 790 loco.
510 727 563 796 Sic
577 725 663 788 latus
679 725 715 788 in
733 727 862 788 hostem

103 835 218 894 Caeca
232 833 296 894 tela
309 851 429 913 manu,
446 836 505 896 sed
522 855 589 897 non
609 845 719 898 tamen
736 834 850 916 irrita,
867 833 980 898 mittit.

101 935 239 1018 Excipit
255 939 337 1000 haec
352 937 481 1022 iuvenis
499 939 653 1025 generosi
670 940 840 1026 sanguinis
860 944 983 1028 Argus,
1090 975 1104 982 -

102 1046 185 1127 Qua
202 1044 269 1106 iam
284 1066 352 1108 non
365 1045 494 1108 medius
511 1045 681 1130 descendit
697 1035 734 1106 in
747 1044 808 1108 ilia
824 1056 958 1128 venter,

102 1148 311 1228 Adiuvitque
324 1169 384 1212 suo
400 1151 623 1231 procumbens
634 1152 782 1234 pondere
801 1151 937 1214 ferrum.

148 1259 263 1320 Stabat
276 1259 404 1336 diuersa
417 1249 522 1324 victae
541 1259 609 1322 iam
625 1269 718 1342 parte
734 1259 866 1324 carinae

103 1367 231 1430 Infelix
242 1368 323 1454 Argi
342 1369 489 1456 genitor:
502 1369 596 1452 (non
613 1369 672 1431 ille
688 1369 843 1438 iuventae
956 1363 966 1386 “

102 1477 275 1558 Tempore
292 1477 462 1540 Phocaicis
482 1476 544 1539 ulli
564 1496 712 1540 cessurus
727 1475 897 1539 inarmis:

103 1579 244 1644 Victum
259 1599 342 1642 aevo
361 1569 616 1660 robufcecidit,
633 1581 801 1662 fessusque
816 1587 949 1643 senecta

103 1688 325 1770 Exemplum,
343 1707 411 1753 non
424 1687 520 1752 miles
535 1671 646 1770 eratsj
669 1687 729 1768 qui
746 1688 863 1750 funere
878 1685 970 1766 viso,

102 1793 213 1874 Saepe
223 1793 343 1855 cadens
358 1793 479 1878 longae
492 1793 603 1855 senior
611 1803 679 1876 ,pe'r
697 1802 839 1856 transtra
852 1791 985 1856 carinae

102 1895 263 1957 Pervenit
277 1897 321 1957 ad
335 1897 491 1979 puppim,
513 1896 741 1980 spirantesque
760 1895 889 1960 invenit
902 1905 1004 1958 artus.

102 1999 186 2060 Non
203 1999 360 2063 lacrimae
378 2003 528 2066 cecidere
540 2004 651 2090 genis,
667 2023 737 2066 non
756 2013 891 2086 pectora
907 1999 1035 2082 tundit,
1152 2029 1155 2035 ·

104 2102 269 2166 Distentis
291 2115 359 2170 toto
370 2105 480 2194 'riguit
495 2111 553 2171 sed
570 2129 711 2192 corpore
732 2107 864 2190 palmis.
1018 2107 1078 2183 734

103 2207 183 2267 Nox
200 2206 306 2288 subit,
323 2218 422 2290 atque
436 2213 550 2276 oculos
560 2222 671 2276 vastae
685 2212 855 2276 obduxere
874 2207 1047 2288 tenebrae,

104 2313 147 2373 Et
167 2311 325 2374 miserum
338 2335 475 2378 cernens
487 2335 666 2402 agnoscere
682 2315 803 2388 desinit
817 2318 953 2400 Argum.

104 2417 171 2479 Ille
189 2427 288 2499 caput
303 2419 417 2480 labens
436 2427 468 2480 et
482 2418 549 2487 iam
562 2419 754 2506 languentia
769 2419 857 2481 oolla

104 2523 192 2589 Viso
209 2535 302 2608 patre
318 2528 423 2589 levat:
438 2546 504 2588 vox
519 2529 630 2592 fauces
649 2529 742 2590 nulla
760 2527 885 2588 solutas

104 2629 336 2710 Prosequitur:
353 2629 452 2694 tacito
467 2639 595 2718 tantum
610 2631 693 2714 petit
711 2631 823 2694 oscula
840 2629 951 2708 uultu,

103 2731 298 2812 Invitatque
312 2732 415 2815 patris
425 2733 610 2796 claudenda
627 2736 670 2796 ad
687 2733 817 2796 lumina
831 2734 994 2794 dextram.

104 2840 154 2900 Ut
170 2848 304 2922 torpore
318 2861 417 2904 senex
427 2840 548 2922 caruit,
568 2839 722 2920 viresque
744 2850 900 2904 cruentus

104 2943 230 3025 Coepit
242 2945 364 3008 habere
376 2945 485 3025 dolor,
503 2947 578 3005 Non
595 2945 734 3026 perdam
755 2953 923 3022 tempora,
941 2937 1043 3018 dixit,

103 3050 136 3110 A
147 3046 254 3110 saevis
267 3047 425 3130 permissa
439 3047 534 3127 Deis,
549 3045 770 3130 iugulumque
784 3044 924 3107 senilem

104 3142 320 3216 Confodiam.
338 3153 477 3218 Veniam
496 3153 619 3214 misero
634 3153 777 3214 concede
801 3148 950 3233 parenti,
995 3218 1000 3229 ι

103 3261 216 3342 Arge,
230 3259 322 3338 quod
333 3259 518 3338 amplexus,
536 3263 683 3318 extrema
701 3255 793 3334 quod
806 3253 919 3316 oscula
931 3249 1013 3335 fugi.

102 3362 268 3424 Nondum
281 3357 571 3423 destituit-calidus
590 3367 646 3418 tua
661 3358 801 3420 vulnera
818 3353 975 3438 sanguis,

104 3461 384 3544 Semianimisque
393 3462 495 3544 iaces,
514 3472 546 3524 et
563 3463 672 3542 adhuc
690 3469 783 3542 potes
800 3479 867 3520 esse
882 3465 1057 3540 superstes·

103 3569 165 3632 Sic
179 3569 284 3650 fatus,
304 3565 456 3648 quamvis
473 3568 630 3648 capulum
644 3585 705 3647 per
720 3563 846 3626 viscera
864 3563 955 3628 missi

103 3673 280 3734 Polluerat
293 3672 413 3758 gladii,
435 3681 545 3735 tamen
563 3673 630 3733 alta
642 3672 864 3750 sub-aequora
876 3667 985 3752 ,tendit

105 3776 292 3862 Praecipiti
301 3780 397 3844 saltu.
413 3780 531 3844 Letum
544 3778 744 3864 praecedere
757 3775 827 3842 nati
932 3853 941 3864 ,
