2824 4880
330 355 697 468 ulnus-vlu.
737 361 865 438 uati.
1020 382 1109 450 ¹99‘

104 499 176 568 Nec
195 499 303 568 lenuit
319 510 453 604 gratum
466 510 631 570 nochrrno
643 501 771 568 lamiae
784 512 952 590 montem,

104 604 297 690 Infimaque
308 606 457 694 Aegypti
466 608 612 695 pugnaci
625 609 724 674 litora
740 612 818 676 velo

105 711 175 776 Vix
192 711 314 803 tetigit,
327 731 395 794 qua
405 711 537 776 dividui
553 732 630 796 para
645 711 792 780 maxima
807 714 877 780 Nili

105 819 145 880 ln
161 819 253 880 vada
266 817 411 882 decurrit
421 819 552 884 Pelusia
570 819 731 903 septimus
745 821 867 886 amnis.

105 925 257 1004 Tempus
267 931 352 1004 erat,
364 942 432 1004 quo
442 922 543 988 libra
556 944 653 1012 pares
669 922 839 988 examinat
854 925 957 990 horas

105 1031 187 1091 Non
199 1047 269 1092 uno
285 1029 362 1112 plus
375 1047 481 1110 aequa
494 1029 563 1110 die,
579 1027 737 1108 noctique
752 1027 906 1110 rependit

104 1135 185 1196 Lux
198 1132 311 1196 minor
324 1132 486 1200 hibernae
501 1132 598 1198 verni
614 1133 731 1198 solatia
749 1133 876 1200 damni.

107 1234 282 1320 Comperit
300 1247 337 1302 ut
350 1257 465 1324 regem
482 1237 577 1304 Casio
592 1260 628 1304 se
645 1249 760 1304 monte
779 1251 910 1325 tenere„

106 1342 228 1407 Flectit
238 1342 318 1408 iter:
327 1361 389 1406 uec
395 1344 549 1408 Phoebus
557 1345 686 1428 adhuc,
695 1365 757 1408 nec
764 1347 899 1412 carbasa
909 1347 1081 1436 languent.

147 1448 224 1509 Iam
233 1447 352 1530 rapido
365 1448 553 1532 speculator
561 1469 661 1536 eques
677 1471 738 1533 per
753 1449 854 1516 litora
869 1471 967 1514 cumn

106 1551 260 1636 Hospitis
276 1553 421 1616 adventu
434 1551 591 1636 pavidam
604 1556 831 1638 compleverat
847 1557 969 1620 aulam.

109 1659 252 1726 Consilii
264 1660 322 1724 vix
337 1671 467 1746 tempus
486 1665 575 1724 erat:
598 1671 709 1754 tamen
726 1662 841 1726 omnia
853 1672 1004 1730 monstra

109 1769 263 1830 Pellaeae
279 1765 387 1830 coiere
403 1769 537 1828 domus:
557 1759 642 1848 quos
655 1766 744 1830 inter
761 1769 930 1832 Achoreus

108 1875 183 1935 Iam
195 1871 348 1958 placidus
362 1869 472 1954 senio,
486 1871 665 1954 fractisque
676 1873 858 1938 modestior
873 1871 972 1940 annia
980 1918 994 1958 ,

109 1978 232 2061 (Hunc
248 1975 364 2062 genuit
382 1985 490 2040 eustos
506 1975 573 2040 Nili
594 1977 770 2042 crescentis
783 1979 820 2040 in
839 1997 921 2042 arva

108 2083 279 2168 Memphis
291 2103 378 2146 vana
390 2083 507 2162 sacris;
519 2082 580 2152 illo
597 2085 723 2146 cultore
739 2087 890 2148 Deorum
1020 2087 1081 2167 478
1127 2133 1130 2138 -

110 2192 230 2254 Lustra
247 2208 325 2252 suae
339 2189 488 2252 Phoebes
497 2207 567 2252 non
582 2189 669 2254 unus
682 2189 809 2256 vixerat
826 2191 948 2277 Apis3)

112 2293 254 2360 Consilii
264 2313 330 2356 vox
341 2293 452 2378 prima
467 2293 546 2378 fuit,
564 2293 1009 2382 meritumqueffidemque,

113 2406 279 2486 Sacraque
295 2399 445 2466 defuncti
459 2398 593 2462 iactavit
613 2400 757 2489 pignora
773 2402 886 2486 patris.

113 2511 179 2574 Sed
189 2506 310 2572 melior
323 2487 462 2570 suadere
475 2503 590 2586 malis,
603 2516 636 2566 et
646 2525 742 2570 noue
760 2516 952 2590 tyrannos,·

113 2617 220 2679 Ausus
233 2601 429 2696 Pompeium
449 2612 516 2674 leto
532 2611 691 2674 damnare
709 2611 886 2676 Pothinus:

137 2783 140 2790 ,
154 2720 211 2780 Ius
227 2716 320 2782 elias
331 2716 458 2779 multos
468 2713 613 2798 faciunt,
626 2715 831 2798 Ptolemaee,
844 2721 1011 2784 nocentes·

115 2825 187 2887 Dat
195 2843 320 2906 poenas
333 2822 468 2887 laudata
485 2819 584 2904 fides,
601 2843 678 2884 cum
688 2821 842 2903 sustinet,
854 2820 986 2904 inquit,

116 2933 210 3018 Quos
226 2929 373 2992 Fortuna
391 2925 524 3010 premit.
539 2925 627 3010 Eatis
640 2927 761 2990 aceede
775 2925 939 3008 Deisque,

116 3037 156 3097 Et
173 3035 246 3098 cole
262 3029 391 3114 felices,
409 3030 546 3094 miseros
563 3030 652 3116 fuge.
665 3029 781 3094 Sidera
795 3041 883 3094 terra

116 3145 161 3206 Ut
180 3141 321 3222 distant,
336 3150 374 3202 ut
387 3141 521 3200 flamma
533 3138 634 3222 mari,
654 3139 702 3208 sic
720 3140 804 3204 utile
820 3149 924 3204 recto·

116 3254 329 3334 Sceptrorum
343 3247 394 3312 vis
412 3257 479 3310 tota
492 3246 591 3330 perit,
610 3247 640 3310 si
656 3249 804 3330 pendere
821 3247 910 3312 iusta

117 3357 255 3445 Incipit:
273 3356 456 3438 evertitque
471 3375 562 3420 arces
578 3367 744 3442 respectus
757 3356 900 3422 honesti.

117 3465 268 3528 ubertas
282 3464 445 3528 scelerum
458 3471 506 3525 est
512 3506 525 3541 „
535 3479 622 3540 quae
631 3479 735 3544 regna
749 3457 859 3522 invisa
874 3462 1003 3539 tuetur,

120 3571 339 3650 Sublatusque
349 3568 472 3632 modus
481 3564 612 3650 gladiis.
627 3567 746 3630 Facere
759 3560 874 3628 omnia
888 3581 988 3626 saeve

119 3679 196 3740 Non
204 3675 343 3758 impune
352 3672 443 3754 lieet,
461 3671 527 3734 nisi
545 3673 626 3734 dum
642 3667 730 3732 facis.
745 3669 848 3731 Exeat
862 3668 958 3750 aula,

120 3779 189 3867 Qui
203 3783 277 3846 vult
292 3798 362 3846 asae
377 3777 465 3864 pius·
483 3775 613 3859 Vintur,
633 3783 805 3852 elsumma
820 3779 965 3856 potestas
985 3863 988 3870 .
