2852 4878
348 359 407 416 ιω
503 325 1159 426 norrrmrrrrrtanra

348 525 412 601 ger
429 500 538 597 Epist.
554 523 586 594 3.
600 498 645 571 ad
663 499 882 570 Mamertum
901 493 1175 568 Patissoniutn.¹
1195 488 1314 566 Aliam

349 611 489 686 Lucani
498 609 711 708 Apologiam
725 603 901 704 Scaligero
914 606 1086 701 opposuit
1096 605 1163 680 Iac.
1177 604 1317 674 Palme-

349 723 424 796 rius
437 714 752 794 Grentesmenilius
762 717 895 788 editam
907 732 990 812 post
999 716 1318 788 auctorismortem

351 833 472 904 alano
485 831 642 902 Berkelio
656 828 773 926 Lugd.
793 826 866 898 Bar.
890 845 993 918 1704.
1009 827 1043 897 8.
1066 820 1320 896 Conferendut

351 945 460 1020 etiam
473 942 523 1018 lo.
535 940 634 1032 Bapt.
643 937 759 1010 Bellus
769 937 807 1006 in
817 935 971 1008 diatriba
979 935 1029 1007 de
1041 957 1162 1008 mense
1174 953 1211 1006 et
1223 933 1283 1004 die
1299 941 1320 992 ²

351 1051 523 1125 victoriae
537 1047 764 1134 Pharsalicae,
776 1047 922 1118 Tolost
932 1045 953 1116 6
957 1069 975 1138 3
985 1067 1015 1132 7.
1030 1046 1061 1115 8.
1075 1069 1195 1116 recusa
1208 1041 1321 1120 Tom-

353 1161 450 1235 Vlll.
463 1158 636 1232 Thesauri
648 1158 908 1252 antiquitatum
917 1155 1106 1228 Romanar.
1118 1153 1323 1242 Graeviani,

355 1290 393 1344 et
411 1272 600 1366 separatim
621 1270 757 1342 iterum
781 1294 865 1342 cura
885 1269 996 1342 Henr.
1018 1270 1157 1341 Leonh.
1172 1266 1325 1340 Schura·

356 1379 527 1470 fleischii,
545 1379 667 1454 Viteb.
686 1399 755 1480 ¹7⁰,
756 1403 787 1469 5.
802 1403 835 1468 4.
862 1377 1002 1450 Laudat
1015 1377 1205 1450 Lucanum
1219 1397 1325 1470 prae·
1352 1391 1354 1394 ·

355 1503 412 1562 'ter
427 1490 533 1578 alios,
556 1515 597 1562 ac
619 1489 826 1580 frequenter
843 1489 1005 1562 imitatur
1027 1488 1123 1560 Gnil.
1142 1487 1258 1572 Brito,
1279 1498 1326 1556 ut

358 1602 590 1678 observatum
602 1599 765 1672 Reinesio
783 1615 879 1700 estp.
886 1600 968 1688 561.
982 1614 1020 1669 et
1030 1621 1110 1688 404.
1127 1597 1210 1671 Var.
1224 1595 1328 1670 Lect.

358 1707 567 1780 Burmanno
575 1709 706 1794 iudice,
718 1723 761 1778 ut
773 1708 1002 1800 eloquentiae
1012 1708 1212 1801 corruptela
1223 1703 1330 1776 Sene·

316 1885 318 1888 .
359 1844 421 1894 cae
432 1818 654 1913 Philosopho
668 1835 763 1889 recte
775 1817 1001 1907 adscribitur,
1016 1819 1064 1890 ita
1074 1817 1327 1889 sanctissimam

361 1948 399 2002 et
414 1929 573 2000 divinam
585 1945 696 2000 artem
717 1927 842 2022 poesin
858 1927 996 2022 primus
1009 1929 1275 2014 contaminare,
1290 1935 1330 1998 et

361 2041 552 2116 heroicum
575 2067 719 2114 carmen
737 2041 782 2112 ad
805 2040 1056 2112 declamatoria
1079 2041 1244 2112 acumina
1264 2037 1331 2108 dee
1382 2087 1384 2092 -

363 2156 509 2228 mittere
521 2177 696 2252 aggressus
710 2171 761 2224 est
779 2152 891 2240 fratris
904 2135 978 2224 eins
992 2153 1044 2222 M.
1058 2151 1196 2224 Annaei
1210 2151 1331 2222 Melae

363 2264 482 2349 filius,
498 2262 673 2332 Lucanus.
694 2261 957 2357 Ineptiuntque
970 2263 1151 2348 maxime,
1166 2259 1232 2354 qui
1244 2283 1332 2332 eum
1367 2279 1369 2283 ·

363 2373 517 2474 Virgilio
531 2396 735 2468 comparare
749 2371 982 2458 adnituntur,
997 2373 1035 2446 in
1047 2397 1123 2468 quo
1141 2370 1264 2444 omnia
1275 2393 1337 2440 ca·

364 2483 487 2582 stigata
498 2532 509 2569 ,
521 2483 660 2570 limata,
677 2498 713 2553 et
724 2483 895 2554 naturalia
907 2509 915 2552 ι
929 2507 1014 2554 cum
1026 2483 1212 2568 Lucanus,
1226 2495 1269 2550 ut
1278 2477 1334 2548 ef?-

365 2587 472 2662 frenis
484 2613 619 2682 equus,
631 2587 772 2682 impetu
781 2596 921 2682 semper
931 2589 1093 2662 maximo
1106 2589 1250 2676 feratur,
1264 2611 1332 2658 ne·

368 2695 761 2791 quehabenasaudiat,
785 2695 850 2768 sed
870 2697 1062 2796 indulgens
1080 2698 1246 2798 ingenio,
1265 2718 1334 2768 ne·

369 2830 443 2902 que
458 2803 612 2880 modum
626 2829 745 2898 neque
760 2806 936 2878 rationem
953 2823 1068 2879 servet
1079 2801 1256 2894 carminis,
1277 2807 1335 2880 iu·

370 2916 465 2988 dicio
478 2939 555 2988 non
566 2935 661 2988 recte
675 2941 777 3004 usus,
795 2941 881 2990 cum
904 2918 1043 3012 ubique
1057 2920 1241 2992 ostentare
1255 2919 1334 2990 vim

370 3049 471 3096 suam
485 3038 522 3094 et
535 3023 818 3113 vehementiam,
834 3027 941 3098 etiam
959 3027 1023 3098 ubi
1039 3030 1212 3100 convenit
1226 3029 1337 3100 minio

372 3157 445 3219 me,
458 3147 644 3207 conemur
664 3133 784 3204 Potest
794 3150 915 3206 tamen
927 3160 1010 3208 cum
1022 3135 1141 3212 fructu
1152 3137 1235 3236 legi,
1248 3163 1335 3210 onrn

374 3241 450 3312 eius
461 3239 573 3310 dictio
585 3240 629 3309 sit
638 3241 717 3312 satis
732 3242 858 3328 latina,
871 3267 1056 3336 putaque,
1077 3265 1114 3316 et
1126 3245 1337 3340 descriptio·

375 3375 457 3438 nes,
472 3375 559 3444 quas
571 3349 746 3422 immiscet
760 3351 878 3444 operi,
895 3352 993 3424 hand
1004 3353 1228 3454 ineleganter.
1245 3356 1338 3428 Cha·

374 3475 524 3532 meteres
546 3458 625 3532 eius
642 3483 793 3552 quoque
808 3462 955 3561 egregii,
978 3462 1016 3534 in
1033 3489 1104 3557 qua
1120 3482 1193 3536 arte
1213 3465 1340 3558 proxi-

377 3591 458 3638 mus
471 3583 522 3637 est
535 3565 676 3660 Velleio
691 3567 899 3660 Paterculo,
913 3585 950 3642 et
959 3595 1081 3644 rerum
1093 3573 1253 3644 civilium
1270 3571 1340 3644 mi·
1389 3652 1393 3660 y

414 3717 425 3754 t
446 3700 540 3754 Confer
550 3699 665 3770 Menagii
679 3701 838 3758 Anti-Brit·
908 3721 928 3759 a
948 3705 980 3757 26
992 3705 1049 3757 lun.
1060 3700 1170 3761 arnoll.
1177 3705 1210 3761 C.
1220 3705 1281 3773 706.

377 3779 458 3836 letum
467 3781 543 3840 Tora.
555 3782 578 3839 1.
595 3799 621 3851 p.
633 3797 693 3853 370.
730 3859 734 3866 ἱ
913 3801 927 3856 3
945 3783 1340 3844 tantumtantum
