2824 4880
278 455 878 540 Au·PlsottttM.v.179.
999 455 1057 540 276
1153 547 1156 552 Ι

98 607 173 670 Non
186 606 345 690 languere
364 607 497 684 tamen,
507 602 663 703 lususque
682 621 816 664 movere
831 577 1025 686 peraiiem‘,
1080 690 1086 702 .

97 707 278 772 Callidiore
291 707 392 770 modo
413 705 687 770 tabula-variatur
708 718 823 790 aperta

99 815 269 895 Calculus,
287 792 320 876 et
337 810 442 873 vitreo
453 799 662 896 peraguntur
677 811 786 875 milite
799 813 905 896 bella,

98 917 145 978 Ut
160 917 277 979 niveus
294 915 424 1002 nigros,
440 916 530 975 nund
548 923 580 976 et
594 913 690 1000 niger
706 915 830 1002 adliget
847 917 956 980 albos:

99 1022 163 1084 Sed
177 1020 238 1088 tibi
251 1021 324 1101 quis
336 1039 405 1082 non
417 1029 510 1104 terga
521 1019 633 1082 dedit?
644 1019 718 1104 quis
734 1031 766 1084 te
776 1023 859 1084 duce
875 1019 969 1084 cessit

99 1101 276 1192 ealcilust
289 1138 345 1189 aut
357 1125 431 1209 quis
446 1145 515 1188 non
526 1124 692 1208 periturus
709 1126 854 1208 perdidit
870 1125 1020 1190 hostem?

99 1237 195 1301 Mille
204 1232 310 1296 modis
321 1233 406 1297 acies
418 1245 473 1296 tua
487 1233 641 1297 dimicat:
661 1233 718 1296 ille
736 1243 902 1316 petentem

98 1343 189 1403 Dum
206 1336 308 1422 fugit,
321 1335 391 1418 ipse
402 1337 507 1418 rapit:
524 1336 625 1420 longo
641 1335 732 1401 venit
743 1335 801 1397 ille
815 1357 957 1418 recessu,

98 1443 168 1530 Qui
184 1443 271 1506 stetit
283 1443 318 1504 in
334 1442 494 1524 speculis:
512 1441 569 1504 hic
581 1462 616 1504 se
630 1441 837 1504 committere
852 1437 944 1504 rixae

98 1550 222 1629 Audet,
236 1556 269 1610 et
281 1547 318 1609 in
334 1549 493 1630 praedam
509 1547 699 1610 venientem
718 1546 840 1630 decipit
853 1549 994 1615 hostem·
1035 1619 1037 1626 ¹
1068 1587 1069 1591 =

98 1655 266 1737 Ancipites
282 1655 369 1719 subit
379 1655 439 1718 ille
453 1673 577 1737 moras,
596 1655 778 1738 similisque
792 1656 897 1740 ligato
954 1701 958 1704 -

99 1760 238 1847 Obligat
250 1760 319 1843 ipse
331 1762 432 1824 duos:
450 1760 505 1822 hic
523 1762 566 1822 ad
582 1759 710 1823 maiora
722 1770 902 1840 movetur,

98 1867 145 1929 Ut
155 1867 239 1932 citus
251 1876 283 1929 et
298 1853 402 1930 fracta
415 1877 610 1949 prorumpat
624 1865 661 1928 in
674 1863 810 1951 agmina
822 1865 962 1926 mandra
970 1909 983 1946 ,

100 1965 288 2049 Clausaque
300 1969 426 2038 deiecto
442 1971 623 2052 populetur
638 1955 771 2032 moenia
791 1969 892 2030 vallo.

98 2075 231 2138 Interea
249 2075 356 2158 sectis,
377 2075 528 2157 quamvis
546 2075 707 2138 acerrima
722 2084 860 2158 surgant

100 2180 249 2262 Proelia,
266 2181 445 2261 militibus3
462 2184 562 2264 plena
576 2191 686 2242 tamen
702 2170 773 2262 ip'se
793 2181 979 2264 phalange,
1005 2194 1065 2261 194

99 2289 167 2348 Aut
181 2286 281 2348 etiam
293 2307 400 2368 pauco
414 2287 555 2370 spoliata
572 2286 695 2368 milite,
716 2285 841 2366 vineis,

101 2396 143 2456 Et
156 2394 218 2457 tibi
234 2394 363 2476 captiva
376 2404 508 2458 resonat
525 2414 642 2458 manus
657 2405 799 2474 utraque
820 2395 927 2458 turba.

102 2503 167 2564 Sed
181 2500 271 2584 prius
288 2503 532 2570 emensoTitan
544 2511 691 2563 versetur
706 2501 876 2583 Olympo,

103 2610 214 2693 Quam
226 2630 300 2672 mea
310 2619 358 2672 tot
366 2611 481 2690 laudes
496 2610 670 2670 decurrere
683 2605 986 2690 carminapossint.

55 2784 58 2789 ,
102 2712 212 2794 Felix,
227 2721 259 2774 et
273 2715 375 2799 longa
391 2711 521 2776 iuvenis
536 2711 732 2797 dignissime
747 2711 836 2794 uita,
918 2696 922 2704 ’

103 2817 337 2900 Eximiumque
350 2830 424 2882 tuae
435 2820 543 2905 gentis
560 2823 678 2902 decus,
694 2820 808 2903 acc'pe
825 2820 929 2884 nostri
1028 2841 1031 2851 ·

105 2925 236 3004 Certus,
254 2933 286 2987 et
296 2927 360 2986 hoc
377 2925 450 2987 veri
471 2927 688 3008 complectere
701 2924 822 3013 pignus
840 2929 973 2993 amoris.

15 3043 18 3050 “
104 3033 203 3117 Quod
216 3033 244 3095 si
261 3033 363 3117 digna
381 3043 437 3094 tua
453 3032 564 3096 minus
580 3042 628 3099 est
640 3052 717 3094 mea
730 3032 854 3120 pagina
871 3034 989 3114 laude,

103 3137 146 3196 At
160 3134 301 3198 voluisse
313 3141 363 3196 sat
378 3143 441 3195 est:
460 3131 624 3216 animum,
647 3155 716 3196 non
730 3135 875 3196 carmina
888 3134 987 3196 iacto.
1057 3219 1058 3223 Ἰ

103 3241 155 3302 Tu
166 3241 267 3302 modo
280 3240 384 3301 laetus
402 3240 495 3319 ades,
511 3239 623 3301 forsan
638 3240 778 3302 meliora
795 3259 969 3320 canemus,

105 3346 147 3407 Et
163 3345 251 3407 vires
266 3343 360 3405 dabit
372 3343 444 3426 ipse
460 3343 575 3427 favor,
594 3346 686 3409 dabit
700 3345 772 3428 ipsa
788 3345 932 3434 feracem

105 3450 185 3531 Spes
201 3449 369 3511 animum:
388 3449 527 3533 dignare
541 3459 614 3512 tuos
633 3449 762 3532 aperire
781 3452 941 3514 Penates:

105 3557 181 3616 Hoo
194 3556 301 3617 solum
317 3554 476 3636 petimus:
494 3575 555 3617 nec
574 3557 664 3618 eninr
681 3577 735 3618 me
751 3555 863 3618 divitis
873 3553 949 3618 auri

106 3658 288 3740 imperiosa
300 3658 420 3742 fames,
439 3668 471 3723 et
487 3659 635 3722 habendi
653 3647 751 3722 saeva
766 3654 872 3723 libido
1041 3739 1045 3748 .

107 3761 296 3844 Impulerit,
315 3765 373 3824 sed
389 3761 497 3828 laudis
514 3755 618 3824 amor.
636 3763 749 3843 Iuvat,
769 3761 910 3844 optime,
929 3771 1039 3828 tecum
1138 3789 1145 3796 ·

106 3869 252 3960 Degere,
271 3887 413 3948 cumque
425 3867 489 3932 tuis
498 3866 674 3932 virtutihus
684 3885 785 3936 omne
796 3885 992 3951 peractum
