2824 4880
335 393 786 475 Llnsnxnsap
971 395 1042 482 Ι259

74 537 280 621 Ultricesque
291 541 381 602 Deae
392 540 473 600 dant
485 537 522 600 in
536 557 626 601 nova
640 549 788 604 monstra
800 537 958 604 furorem·

75 647 241 734 Dignatur
256 647 337 725 viles
354 646 416 709 isto
432 666 564 727 quoque
580 645 743 730 sanguine
757 648 903 730 dextras,

77 753 152 834 Quo
167 752 311 812 Fortuna
325 759 419 832 parat
432 748 545 812 victos
550 748 753 834 perfundere
771 751 902 828 Patres,

75 858 253 935 Poenaque
270 852 377 917 civilis
394 853 490 934 belli,
508 851 656 916 vindicta
672 855 828 938 Senatus,

75 963 186 1022 Paene
200 960 276 1021 data
290 969 337 1022 est
351 959 486 1030 famulo.
506 961 626 1022 Procul
637 961 701 1022 boc
716 960 869 1043 avertite,
884 961 979 1046 Fata,

50 1113 56 1128 ,
77 1066 228 1146 Crimen,
244 1075 282 1126 ut
296 1067 378 1128 haec
395 1069 495 1128 Bruto
513 1063 625 1128 cervix
641 1067 776 1128 absente
794 1075 933 1129 secetur.

76 1175 116 1237 In
130 1173 236 1237 scelus
249 1171 275 1234 it
286 1170 444 1239 Pharium
458 1172 602 1236 Romani
618 1193 727 1255 poena
743 1173 897 1256 tyranni,

76 1279 342 1362 Exemplumque
355 1277 452 1360 perit.
469 1277 571 1340 Struit
586 1279 696 1340 audax
709 1278 804 1342 irrita
821 1279 911 1361 fatis,

76 1387 145 1457 Nec
159 1393 256 1468 parat
271 1385 420 1450 occultae
437 1385 571 1448 caedem
590 1383 796 1446 committere
812 1383 942 1464 fraudi5

75 1495 310 1577 Invictumque
331 1497 450 1564 ducem
465 1497 593 1556 detecto
614 1495 720 1560 Marte
733 1489 870 1554 lacessit.

77 1605 224 1668 Tantum
239 1601 344 1666 animi
362 1601 482 1666 delicta
495 1602 637 1679 dabant,
654 1607 690 1658 ut
706 1598 792 1660 colla
809 1595 908 1658 ferire

78 1703 241 1786 Caesaris,
257 1712 290 1767 et
298 1723 451 1768 socerum
464 1701 560 1788 iungi
577 1700 655 1782 tibi,
669 1705 807 1786 Magne,
820 1699 966 1764 iuberett

77 1813 187 1890 Atque
197 1810 280 1872 haec
295 1807 383 1875 dicta
397 1815 511 1870 monet
524 1807 666 1869 famulos
679 1805 825 1886 perferre
838 1803 953 1870 fideles

77 1916 128 1978 Ad
142 1913 367 2002 Pompeianae
378 1912 506 1976 socium
519 1911 583 1974 sibi
597 1911 705 1974 caedis
718 1911 904 1992 Achillam,

78 2021 188 2106 Quem
202 2040 287 2103 puer
300 2018 446 2086 imbellis
463 2017 591 2084 cunctis
609 2019 811 2101 praefecerat
825 2019 942 2101 armis,

77 2127 116 2188 Et
128 2127 267 2190 dederat
279 2125 421 2208 ferrum,
440 2125 536 2188 nullo
548 2123 612 2191 sibi
622 2124 696 2186 iure
710 2134 838 2186 retento
843 2171 853 2206 ,
985 2125 1044 2190 35²

77 2238 116 2298 In
131 2231 284 2317 cunctos,
299 2234 337 2298 in
350 2253 452 2315 seque
464 2233 575 2296 simul.
591 2234 642 2294 Tu
659 2232 831 2315 mollibus,
845 2231 972 2319 inquit,

77 2339 175 2400 Nunc
190 2335 345 2401 incumbe
360 2335 456 2417 toris,
477 2345 510 2398 et
525 2333 666 2421 pingues
684 2336 781 2422 exige
793 2358 946 2404 somnos:

78 2447 204 2512 Invasit
217 2448 394 2530 Cleopatra
410 2447 559 2508 domum.
579 2448 645 2508 Nec
662 2447 794 2530 prodita
811 2459 938 2514 tantum
948 2460 1011 2535 est,

78 2555 144 2618 Sed
157 2539 279 2616 donata
292 2556 429 2616 Pharos.
450 2555 562 2616 Cessas
580 2565 753 2615 accurrere
765 2556 855 2618 solus

77 2665 128 2724 Ad
148 2659 304 2724 dominae
318 2647 502 2722 thalamos?
519 2662 623 2721 nubet
638 2679 732 2722 soror
744 2659 850 2744 impia
865 2660 980 2724 fratri:

77 2769 163 2829 Nam
173 2765 268 2830 Latio
282 2765 350 2829 iam
361 2773 465 2848 nupta
479 2763 557 2830 duci
567 2774 629 2829 est:
646 2763 799 2846 interque
817 2765 953 2828 maritos

77 2871 276 2936 Discurrens
289 2874 466 2956 Aegypton
480 2870 593 2950 habet,
611 2871 820 2950 Romamque
832 2879 988 2934 meretur.

77 2978 279 3064 Expugnare
292 2995 406 3037 senem
417 2972 525 3056 potuit
539 2975 714 3055 Cleopatra
728 2974 873 3038 venenis.

78 3086 201 3165 Crede,
218 3082 333 3164 miser,
346 3098 469 3164 pueros
488 3102 588 3171 quem
602 3101 669 3144 nox
679 3081 708 3143 si
724 3080 870 3144 irnxerit
883 3101 967 3164 una,

77 3193 119 3252 Et
136 3190 239 3254 semel
258 3190 430 3270 amplexus
447 3187 572 3250 incesto
586 3197 721 3269 pectore
737 3207 850 3269 passus

78 3294 236 3358 Hauserit
246 3295 451 3358 obscoenum
471 3294 566 3356 titulo
579 3295 709 3377 pietatis
721 3313 886 3378 amorem,

77 3405 216 3482 Meque,
234 3394 394 3482 tuumque
405 3411 504 3483 caput
515 3423 576 3484 per
586 3401 718 3488 singula
735 3401 872 3465 forsitan
889 3397 941 3462 illi

80 3508 204 3570 Oscula
222 3507 370 3570 donabit.
388 3509 549 3571 Crucibus
564 3509 771 3588 flammisque
786 3511 933 3592 luemus,

79 3612 113 3676 Si
129 3609 230 3676 fuerit
246 3611 392 3676 formosa
410 3633 515 3676 soror.
532 3614 586 3676 Nil
601 3615 748 3696 undique
761 3625 861 3678 restat

79 3717 223 3782 Auxiliir
238 3741 296 3782 rex
309 3718 389 3782 binc
402 3719 540 3802 coniux,
554 3720 634 3784 hinc
647 3725 766 3784 Caesar
781 3723 929 3786 adulter:

79 3824 131 3884 En
143 3843 271 3908 sumus,
285 3834 321 3888 ut
334 3825 456 3912 fatear,
477 3836 545 3892 tam
554 3847 652 3893 saeva
667 3826 776 3894 iudice
794 3838 914 3896 sontes.
