2824 4880
317 407 522 472 arsen
561 409 632 488 tre
671 413 806 490 nats
986 419 1044 499 2³9

75 547 228 638 Expositi
244 553 427 621 volvuntur
443 557 565 636 humo,
589 555 764 638 calidoque
776 575 900 642 vapore

75 664 250 730 Adliciunt
261 663 388 750 gelidas
400 671 566 728 nocturno
579 661 703 749 frigore
715 671 840 744 pestes3

73 767 310 848 Innocuosque
323 765 380 828 diu
394 765 495 828 rictus
512 773 665 848 torpente
673 785 803 832 veneno

73 869 168 932 Inter
182 871 333 932 membra
342 869 472 932 forent:
484 889 563 951 nec,
573 887 660 957 quae
670 888 825 934 mensura
834 868 985 957 viarum,

74 976 204 1062 Quisve
214 977 334 1039 modus
344 985 479 1058 norant,
490 977 584 1038 coelo
597 975 697 1038 duce:
712 994 810 1058 saepe
820 987 1011 1062 querentes,

72 1083 237 1165 Reddite,
246 1075 305 1163 Di,
317 1082 480 1163 clamant,
489 1080 631 1164 miseris,
642 1101 728 1164 quae
741 1080 902 1167 sugimus,
915 1103 1019 1170 uma,

72 1189 219 1258 Reddite
229 1185 442 1252 'l'hessalium-
460 1187 609 1250 Patimur
619 1209 678 1251 cur
687 1185 803 1272 segnia
815 1187 883 1250 fata

72 1300 115 1361 Iu
128 1296 259 1385 gladios
275 1297 383 1360 iurata
398 1295 539 1358 manus?
554 1313 616 1378 pro
631 1297 768 1358 Caesare
779 1302 933 1380 puguant

72 1402 253 1486 Dipsades,
268 1403 299 1465 et
312 1409 478 1488 peragunt
493 1398 603 1464 civilia
616 1401 705 1484 bella
718 1395 880 1464 cautae.

72 1507 129 1568 Ire
144 1505 227 1570 libet
239 1527 305 1588 qua
319 1523 402 1568 aona
417 1507 555 1587 rubens,
566 1513 665 1587 atque
680 1503 751 1570 axis
763 1505 894 1572 inustus
1015 1537 1018 1542 ·

72 1611 160 1675 Solis
173 1613 283 1694 equis:
298 1610 391 1675 iuvat
401 1610 556 1675 aetheriis
567 1611 754 1676 adscribere
766 1615 871 1680 causis

72 1720 177 1804 Quod
186 1737 338 1802 peream,
349 1709 508 1798 coeloque
518 1715 616 1780 mori.
635 1717 703 1800 Nil,
713 1717 844 1803 Africa,
858 1721 901 1782 de
912 1728 961 1805 te,

71 1829 143 1890 Nec
153 1829 197 1890 de
208 1837 258 1910 te,
270 1829 412 1908 Natura,
426 1844 566 1906 querort
580 1833 628 1888 tot
643 1835 791 1890 monstra
804 1827 981 1916 ferentem,
1103 1846 1109 1860 ·

72 1928 237 1994 Gentibus
252 1931 400 1994 ablatum
411 1931 550 1998 dederas
562 1929 770 2014 serpentibus
783 1932 917 1995 orbems

70 2034 320 2118 Impatiensque
326 2037 435 2113 solum
446 2034 591 2118 Cereris,
602 2037 729 2100 cultore
742 2045 863 2123 negato
980 2039 1040 2122 857

70 2135 262 2222 Damuasti,
274 2147 373 2218 atque
382 2137 536 2202 homines
544 2137 680 2202 voluisti
693 2141 805 2204 deesse
814 2141 961 2206 venenis.

69 2240 113 2303 In
128 2241 203 2304 loca
217 2252 409 2324 serpentum
422 2261 484 2306 nos
496 2242 664 2308 venimus:
681 2242 794 2326 accipe
805 2263 948 2330 poenas,

69 2345 125 2408 Tu
141 2343 289 2426 quisquis
301 2343 465 2430 Superum
476 2346 676 2410 commercia
689 2355 800 2410 nostra
810 2368 945 2430 perosus
953 2393 964 2433 ‚

71 2449 163 2515 Hinc
178 2460 322 2543 torrente
337 2453 450 2539 plaga,
460 2453 571 2516 dubiis
583 2453 663 2516 hinc
674 2452 827 2536 Syrtibus
841 2457 958 2518 orbem

70 2561 298 2642 Abrumpens,
311 2559 423 2630 medio
438 2559 578 2643 posuisti
592 2561 700 2622 limite
715 2569 848 2626 mortes.

3 2743 5 2750 Ι
69 2665 136 2726 Per
146 2671 271 2726 secreta
284 2661 334 2726 tui
346 2661 475 2724 bellum
488 2659 587 2724 civile
598 2680 743 2726 recessus
771 2721 775 2730 .

68 2769 189 2848 Vadit3
203 2778 236 2833 et
249 2768 362 2833 arcani
375 2767 472 2832 miles
486 2767 550 2832 sibi
563 2769 714 2834 conscius
730 2769 822 2836 orbis

70 2878 224 2942 Claustra
239 2878 324 2962 petit
338 2878 466 2942 mundi.
480 2879 603 2942 Forsan
617 2875 748 2940 maiora
759 2885 935 2960 supersunt

68 2984 242 3071 Ingressis.
256 2988 386 3048 Coeunt
400 2983 495 3070 ignes
505 2981 719 3047 stridentibus
729 2981 842 3066 undis,

4 3159 6 3166 ,
68 3089 112 3152 Et
124 3091 286 3174 premitur
296 3099 418 3167 natura
429 3089 510 3172 poli.
532 3090 597 3152 Sed
610 3088 744 3174 longius
759 3089 822 3154 ista

67 3199 172 3260 Nulla
186 3195 273 3261 iacet
287 3198 398 3278 tellus,
412 3214 513 3276 quarn
526 3193 616 3256 fama
629 3195 762 3282 cognita
775 3196 874 3261 nobis

68 3301 191 3366 Tristia
207 3321 310 3388 regna
325 3301 438 3366 Iubae.
456 3303 660 3385 Quaeremus
670 3301 809 3365 forsitan
821 3303 900 3370 istas

67 3411 269 3492 Serpentum
286 3417 403 3471 terras:
417 3409 518 3470 habet
530 3408 595 3472 hoc
606 3409 725 3472 solatia
741 3411 893 3480 eoelum:

68 3517 165 3584 vivit
179 3520 287 3582 adbuc
300 3517 438 3601 aliquid.
450 3517 578 3582 Patriae
594 3542 664 3584 non
677 3541 757 3584 arva
771 3521 922 3608 requiro,

68 3626 319 3709 Europamque,
332 3625 416 3692 alios
429 3629 528 3708 soles,
539 3625 717 3708 Asiamque
729 3629 909 3694 videntem.
1044 3663 1046 3668 ·

70 3731 148 3813 Qua
162 3739 194 3792 te
207 3739 300 3813 parte
315 3730 401 3813 poli,
413 3752 479 3812 qua
495 3741 527 3794 te
543 3733 662 3796 tellure
677 3733 812 3818 reliqui,

69 3833 207 3901 tricae
219 3838 360 3922 Cyrenis
375 3837 476 3910 etiam
492 3858 583 3910 nuuc
598 3839 719 3904 bruma
733 3839 873 3928 rigebat.
916 3847 923 3862 ‘
