2790 4874
340 365 838 462 multumne
984 385 1044 450 ²¹³
1131 450 1135 458 Ι

84 527 222 589 Securus
233 517 333 586 belli:
350 513 677 603 praedameivilibus
697 509 798 576 armis

7 651 9 692 :
84 631 147 696 Scit
166 651 238 693 non
251 647 321 693 esse
333 645 432 690 casas.
454 627 484 688 Ο
501 625 588 687 vitae
608 633 678 686 tuta
696 623 835 686 facultas

85 734 262 819 Pauperis,
276 729 474 818 angustique
492 729 591 792 lares!
610 746 631 790 ο
646 725 791 790 munera
801 728 952 791 nondum

7 907 9 924 ‚
86 845 256 908 intellecta
262 839 395 934 ⁸Deilrn!
410 839 530 921 quibus
541 837 606 900 hoc
617 837 806 923 contingere
822 838 968 922 templis,

7 997 9 1040 ι
87 956 148 1014 Aut
162 949 273 1034 potuit
287 945 392 1011 muris
401 992 420 1029 ‚,
431 947 525 1008 nullo
539 941 703 1028 trepidare
719 947 877 1028 tumultu,

7 1049 9 1140 ζ
88 1056 246 1118 Caesarea
262 1054 416 1136 pulsante
431 1049 558 1112 manu?
574 1043 660 1110 Τιιιιι
671 1058 764 1132 poste
780 1051 926 1132 recluso,

87 1158 161 1218 Dux
174 1153 246 1218 Tait:
264 1155 424 1238 Exspecta
440 1148 525 1213 votis
542 1149 669 1237 maiora
686 1151 857 1233 modestis,

7 1279 8 1318 3
88 1259 230 1340 Spesque
250 1267 322 1322 tuas
340 1257 432 1336 laxa,
449 1243 598 1334 iuvenis,
611 1251 639 1316 si
651 1252 738 1342 iussa
747 1263 876 1318 secutus

89 1362 142 1440 lle
152 1357 248 1422 vehis
256 1357 469 1440 Hesperiam:
486 1373 554 1418 non
568 1355 654 1418 ultra
673 1366 791 1422 cuneta
803 1357 934 1421 carinae

28 1530 29 1540 ι
90 1461 483 1544 Βεὶιὼἰιμιιαιιίὴιιιιιιιε
498 1457 634 1542 inopem
654 1458 784 1523 duxisse
799 1471 976 1526 senectam.

20 1573 24 1581 '
90 1569 135 1630 Ne
145 1579 241 1631 cessa
256 1567 414 1650 praebere
430 1567 503 1628 Deo
520 1573 576 1626 tua
594 1563 687 1646 ἰείη
698 1565 824 1628 rolenli

7 1715 8 1720 κ
92 1673 250 1762 Angustos
266 1673 385 1759 opibus
399 1671 522 1740 subitis,
532 1671 672 1754 implere
690 1675 837 1738 Penates.

92 1780 260 1858 Sicfatur3
278 1797 478 1860 quamquam
496 1772 629 1858 plebeio
644 1784 748 1842 tectus
760 1775 897 1861 amictu,
957 1799 961 1808 ’

7 1863 8 1876 ¹
91 1885 245 1949 Indocilis
258 1883 386 1968 privata
403 1880 505 1963 loqui.
516 1883 604 1943 Tum
617 1903 745 1965 pauper
755 1885 929 1968 Amyclas:

92 1995 196 2058 Multa
211 1993 347 2074 quidem
368 1991 547 2076 prohibent
561 2001 724 2055 nocturno
740 1995 872 2058 credere
886 2003 1000 2078 ponto.

92 2099 173 2161 Nam
186 2099 237 2164 sol
252 2117 320 2160 non
335 2095 460 2188 rutilas·¹
469 2096 605 2158 deduxit
621 2095 659 2158 in
671 2117 817 2178 aequora
829 2100 948 2181 nubes,
983 2093 1045 2178 '541
1110 2137 1114 2148 ·

95 2201 342 2278 Concordesque
361 2195 436 2258 tulit
452 2196 580 2259 radios:
596 2199 705 2262 Noton
720 2199 824 2264 altera
835 2201 976 2286 Phoebi,

94 2307 202 2368 Altera
219 2305 431 2386 parsBorean
449 2301 584 2364 diducta
597 2303 673 2367 luce
693 2305 842 2372 vocabat.

97 2411 181 2473 Orbe
191 2429 325 2490 quoque
334 2409 508 2472 exhaustus
520 2408 652 2498 medio,
668 2411 897 2500 languensque
904 2417 1047 2501 recessu
1196 2410 1206 2430 '
1321 2485 1333 2506 ,

95 2517 278 2598 Spectantes
293 2515 406 2578 oculos
418 2512 552 2576 infirmo
566 2513 692 2578 lumine
705 2536 828 2598 passus.
916 2523 919 2530 ’

95 2621 249 2700 Lunaque
262 2639 331 2690 non
348 2618 466 2704 gracili
479 2619 621 2682 surrexit
632 2621 745 2684 lucida
758 2643 878 2708 cornu,
1009 2633 1012 2642 '

95 2728 156 2789 Aut
176 2724 270 2808 orbis
281 2721 392 2788 medii¹
401 2745 502 2806 puros
517 2743 612 2788 exesa
627 2731 797 2806 recessusa

92 2833 158 2894 Nec
175 2829 270 2892 duxit
283 2839 374 2894 recto
392 2833 525 2895 tenuata
540 2830 713 2894 cacumina
729 2831 859 2912 comu‚'
887 2853 889 2857 ¹

95 2935 342 3014 Ventorumque
358 2940 437 2996 nota
456 2932 585 2995 rubuit:
610 2943 681 2994 tum
699 2933 807 2996 lurida
819 2935 948 3020 pallens

97 3035 162 3096 Ora
176 3032 252 3096 tulit
264 3035 357 3114 vultu
373 3035 436 3096 sub
453 3035 577 3096 nubem
591 3032 689 3098 tristis
705 3035 802 3098 ituro·
839 3037 840 3042 ’

94 3137 156 3203 Sed
165 3137 250 3200 mibi
263 3159 324 3201 nec
336 3149 446 3204 motus
460 3158 652 3222 nemum,
667 3161 730 3233 nec
739 3142 846 3208 litoris
861 3143 963 3228 ictus,
1077 3191 1080 3196 ·

94 3245 159 3308 Nec
166 3243 294 3326 placet
283 3253 440 3328 memus,
453 3245 511 3328 qui
523 3258 682 3329 provocat
691 3255 1023 3338 aequora,Delphin;

96 3349 198 3412 Aut'
172 3369 295 3417 srceum
304 3354 395 3430 quod
400 3373 531 3440 mergus
538 3349 644 3433 amat3
655 3357 810 3444 quodque
821 3377 899 3420 ausa
909 3363 1022 3425 volare

96 3457 202 3518 Ardea
220 3454 387 3538 sublimis,
401 3478 530 3564 pennae
545 3450 668 3548 conlisa
684 3461 829 3548 natanti3

97 3563 365 3646 Quodquecapul
376 3583 532 3650 spargens
541 3543 639 3629 undis
643 3567 1049 3688 ,velutoccupetimbrem,·

96 3666 245 3729 Instabili
261 3687 374 3758 gressu
393 3669 527 3730 metitur
539 3669 635 3732 litora
652 3669 777 3733 cornix.

97 3768 205 3832 Sed
179 3789 209 3834 ει
222 3789 423 3876 magnarum
435 3779 577 3874 poscunt
595 3771 784 3842 discrimina
799 3789 929 3862 rerum,
978 3777 980 3782 ¹
1102 3784 1105 3796 ’
