2790 4874
328 393 533 460 LIBER
572 397 665 464 VII.
704 400 827 464 vsdfiti.
997 423 1055 488 ²77

88 535 137 602 Ut
147 533 263 602 Latiae
277 547 352 622 post
362 559 399 604 se
412 539 503 604 vivat
520 559 597 625 pars
615 542 762 606 manime
782 545 914 628 turbae,

86 645 253 711 Sustinuit
267 646 387 733 dignos
403 645 505 709 etiam
518 667 609 711 nunc
628 649 763 712 credere
784 651 870 718 votis

88 747 294 832 coelicolas,
316 750 485 830 volvitque
502 749 558 814 sui
572 751 689 814 solatia
706 773 813 818 casust
854 745 855 750 ’

87 857 239 940 Parcite,
257 857 320 940 ait,
332 845 466 941 Superi,
480 866 613 922 cunctas
630 873 839 942 prosternere
852 871 985 951 gentess

89 965 207 1028 Stante
219 974 327 1046 potest
340 965 481 1045 mundo,
499 967 671 1046 Romaque
679 969 871 1052 superstite,
884 974 1029 1058 Magnus
1046 991 1048 996 ·

88 1071 170 1136 Esse
185 1071 297 1136 miser.
315 1067 356 1134 si*
363 1073 460 1154 plura
477 1070 593 1134 iuvant
606 1091 681 1136 mea
694 1073 846 1154 vulnera,
862 1075 986 1138 coniux

90 1173 150 1236 Est
164 1172 264 1256 mihi,
282 1183 359 1238 sunt
375 1174 461 1252 nati3
479 1173 631 1238 dedimus
645 1182 692 1236 tot
704 1171 942 1260 pignoratatis.

91 1277 237 1342 Civiline
251 1296 371 1360 parum
384 1287 434 1340 est
448 1273 555 1358 hello,
575 1277 605 1340 si
617 1287 737 1356 tneque
749 1297 906 1358 meosque
972 1325 978 1338 .

91 1387 244 1454 obruat?
257 1387 396 1472 exiguae
414 1388 523 1450 clades
538 1395 667 1467 sumus,
689 1385 770 1447 orbe
785 1386 935 1448 remoto?

93 1489 219 1556 Omnia
227 1489 309 1570 quid
319 1491 462 1552 laceras?
478 1490 562 1571 quid
573 1493 717 1573 perdere
732 1497 850 1552 cuncta
864 1491 1016 1555 laboras?

90 1597 166 1660 Iam
179 1596 264 1660 nihil
274 1607 337 1678 est,
352 1597 510 1677 Fortuna,
524 1615 647 1658 meum.
659 1595 713 1656 Sic
731 1593 838 1656 fatur:
853 1603 885 1657 et
897 1613 1005 1681 erma,

89 1699 278 1786 Signaque,
290 1708 322 1762 et
335 1699 482 1763 addictas
495 1699 589 1762 omni
600 1698 669 1760 iam
683 1707 777 1780 parte
792 1709 940 1766 catervas

92 1803 239 1886 Circuit,
254 1814 287 1866 et
303 1815 436 1868 revocat
450 1813 580 1866 matura
594 1801 629 1864 in
643 1802 711 1864 fata
730 1812 880 1886 ruentes,

95 1909 205 1988 Seque
220 1919 319 1994 negat
335 1907 427 1970 tanti.
446 1909 513 1970 Nec
532 1908 644 1968 deerat
660 1903 764 1968 robur
777 1904 814 1968 in
824 1927 918 1972 enses

93 2015 148 2076 ire
168 2013 260 2096 duci,
277 2013 457 2101 iuguloque
472 2012 556 2096 pati,
571 2013 624 2076 vel
637 2021 770 2096 pectore
787 2014 909 2076 letum:

88 2119 160 2184 Sed
174 2119 282 2182 timuit
300 2128 402 2190 strato
414 2119 509 2182 miles
522 2138 564 2180 ne
576 2135 716 2200 corpore
729 2118 844 2204 Magni
992 2123 1051 2202 671

89 2227 170 2288 Non
183 2226 326 2311 fugeret,
345 2243 510 2307 supraque
523 2219 642 2288 ducem
660 2227 892 2308 procumberet
905 2225 1013 2306 orbis;

94 2331 244 2397 Caesaris
257 2341 314 2393 aut
327 2331 431 2394 oculis
444 2329 550 2416 volpit
567 2327 751 2395 subducere
764 2343 914 2395 mortem.

94 2435 342 2518 Nequidquam:
356 2436 492 2519 infelix,
506 2455 620 2502 socero
632 2448 778 2521 spectare
789 2436 916 2500 volenti
987 2475 989 2478 -
1099 2463 1124 2496 ι

94 2541 333 2606 Praestandum
343 2553 391 2606 est
401 2541 592 2654 ubicunq’ue
601 2553 710 2624 caput.
729 2544 794 2604 Sed
805 2552 998 2628 tuquoque,

669 2645 812 2731 coniux,

93 2755 202 2818 Causa
213 2753 330 2840 fugae,
344 2746 519 2834 vultusque
536 2753 601 2816 tui:
625 2751 764 2834 fatisque
779 2755 958 2836 probatum

94 2860 144 2926 Tc
155 2871 327 2945 praesente
341 2859 438 2924 mori·
459 2862 554 2922 Tunc
568 2862 728 2948 Magnum
741 2861 889 2926 concitus
905 2863 1014 2930 audent

79 2971 125 3036 *A
139 2971 229 3034 bello
246 2969 391 3052 sonipes,
408 2983 477 3030 non
495 2977 588 3053 tergo
607 2967 671 3028 tela
684 2975 878 3048 paventem,

95 3061 316 3160 ingentesque
333 3071 462 3136 animos
479 3080 625 3132 extrema
644 3069 680 3130 in
692 3068 759 3130 icta
774 3068 942 3132 ferentem.

94 3181 171 3246 Non
187 3179 343 3266 gemitus,
357 3197 425 3240 non
436 3179 530 3240 fletus
544 3163 628 3256 erat,
646 3177 804 3257 salvaque
815 3176 979 3252 verendus

94 3285 268 3348 Maiestate
279 3285 388 3365 dolor,
405 3283 542 3365 ,qualem
554 3291 600 3364 te,
614 3285 752 3370 Magne,
768 3271 905 3350 decebat
1036 3303 1040 3316 ¹

94 3389 256 3454 Romanis
272 3399 438 3472 praestare
452 3385 556 3452 malis·
579 3388 652 3451 Non
665 3387 793 3470 impare
813 3391 910 3450 vultu

94 3493 248 3578 Adspicis
263 3494 467 3556 Emathiam:
483 3500 545 3560 nec
563 3501 596 3554 te
607 3491 720 3556 videre
740 3493 921 3580 superbum

94 3602 259 3682 Prospera
271 3599 453 3679 bellorum,
470 3617 532 3660 nec
546 3597 687 3660 irccmm
704 3597 842 3660 adversa
855 3596 1026 3670 videbant.
1070 3594 1072 3600 ’
1129 3591 1131 3598 ’

97 3709 276 3792 Quamque
287 3707 446 3790 fuitlaeto
458 3725 519 3788 per
538 3713 602 3768 tres
619 3701 723 3768 infida
737 3703 935 3790 triumphos,
991 3720 994 3732 '

94 3811 182 3872 'sam
202 3806 322 3872 misero
335 3809 478 3872 Fortuna
495 3805 615 3872 utinm.
637 3806 708 3870 Iun
724 3801 941 3900 pondererati
985 3835 989 3850 ι
1070 3793 1074 3810 ’

165 3914 284 3972 Lucanus.
828 3917 876 3962 n.
951 3949 955 3960 .
