2824 4880
362 341 566 436 ursan
605 373 674 440 1x.
714 393 747 437 v.
767 378 836 456 716.
985 377 1080 478 ‘sas

109 515 372 599 Hammodytssr
387 515 549 600 spinaque
565 517 643 606 vagi
656 527 830 600 torquente
847 521 1018 586 Cerastae:

107 624 152 686 Et
163 625 299 708 Scytale
311 623 431 708 sparsis
445 624 545 688 etiarn
559 645 649 707 punc
664 625 735 688 sola
748 623 877 707 probris
960 689 969 700 ,

108 731 258 796 Exuvias
272 732 420 816 positura
435 751 525 796 suast
544 740 577 794 et
591 729 717 794 torrida
732 729 868 814 Dipsass

106 835 155 898 Et
170 836 281 924 gravis
295 835 333 898 in
345 835 518 924 geminum
530 855 668 922 surgons
683 845 783 918 caput
798 835 1059 919 Amphisbaenat

108 943 155 1004 Et
167 939 282 1006 Natrix
295 940 437 1004 violator
450 959 572 1022 aquae,
585 939 757 1019 Iaculique
774 942 942 1022 volueres,

108 1045 155 1108 Et
167 1054 342 1108 contentus
356 1043 420 1108 iter
436 1045 543 1108 oauda
558 1043 685 1108 suloare
701 1045 838 1111 Pareass

110 1149 251 1230 Oraque
267 1143 455 1228 distendens
471 1145 589 1210 avidus
602 1142 792 1226 spumantia
809 1147 954 1210 Prester:

112 1255 265 1342 Ossaque
281 1252 464 1320 dissolvens
476 1271 553 1316 oum
566 1243 706 1334 corpore
717 1249 867 1318 tabificus
882 1253 971 1336 Seps.

110 1355 286 1438 Sibilaque
299 1351 473 1422 effirndens
485 1365 620 1420 cunctas
636 1352 793 1418 terrentia
805 1363 931 1436 postes,

112 1463 200 1529 Ante
215 1481 346 1530 venena
359 1481 496 1544 nouem,
510 1464 576 1528 late
592 1463 658 1528 sibi
671 1465 847 1534 submovet
860 1484 962 1528 omne

112 1565 260 1652 Vulgus,
274 1575 307 1631 ot
319 1566 357 1630 iu
370 1585 476 1633 vaona
489 1577 609 1654 regnat
620 1567 792 1636 Basiliscus
805 1587 917 1632 arena.

113 1673 187 1737 vos
199 1689 349 1754 quoque,
366 1671 425 1752 qui
438 1673 565 1738 eunetis
578 1673 715 1736 innoxia
731 1673 871 1742 numina
887 1670 982 1738 terris

114 1773 268 1858 serpitis,
289 1784 406 1840 aurato
419 1773 518 1838 nitidi
531 1774 661 1860 fulgore
676 1776 861 1855 Dracones.

114 1881 291 1956 ‚Pestiferos
310 1884 429 1950 ardens
442 1880 519 1950 lacit
534 1880 662 1945 Africa:
676 1880 796 1950 ducitis
808 1883 914 1947 altum

115 1989 205 2056 tera
217 2006 293 2052 cum
304 1986 438 2070 pennis,
455 1995 673 2068 armentaque
687 1994 755 2048 tota
766 1984 870 2050 seeuti

114 2093 284 2176 Rumpitis
300 2093 451 2182 ingentes
467 2094 615 2179 ample-xi
628 2097 766 2168 verbere
781 2103 902 2160 tauros.
1026 2096 1082 2173 7³²
1181 2142 1224 2170 ,,.

115 2204 184 2265 Nee
196 2211 285 2266 tutus
297 2203 404 2288 spatio
415 2215 466 2270 est
479 2207 635 2288 Elephas:
653 2203 738 2266 datis
751 2201 865 2266 omnia
879 2203 962 2266 leto:

114 2305 185 2372 Neo
196 2301 291 2368 vobis
308 2325 390 2388 opus
406 2315 455 2372 est
470 2308 516 2372 ad
529 2305 630 2377 noxia
645 2307 713 2373 fata
725 2325 866 2374 veneno.

156 2413 226 2476 Has
239 2412 326 2476 inter
339 2421 445 2496 pestes
458 2416 542 2478 duro
559 2417 640 2478 Cato
654 2413 759 2486 milite
770 2412 895 2478 siecum

114 2519 279 2588 Emetitur
289 2520 366 2598 iter3
379 2530 429 2584 tot
442 2522 546 2586 tristia
557 2521 624 2584 fata
638 2541 789 2605 suorum,
934 2515 943 2529 ⁶

114 2623 335 2704 Insolitasque
351 2623 469 2688 videns
480 2641 585 2707 parvo
600 2645 677 2690 oum
692 2625 832 2692 vulnere
848 2631 980 2690 mortes.

115 2727 320 2814 Signiferum
334 2728 490 2795 iuvenem
506 2728 675 2812 Tyrrheni
690 2727 863 2816 sanguinis
877 2729 1001 2796 Aulum

116 2835 220 2898 Torta
237 2846 336 2920 eaput
353 2845 441 2900 retro
457 2833 576 2916 Dipsas
591 2834 715 2896 oaloata
728 2832 920 2898 momordit.

115 2935 185 3004 Vix
202 2938 312 3019 dolor,
326 2946 383 3000 aut
395 2954 508 3000 sensus
527 2933 634 2998 dentis
651 2934 729 2997 fuit:
747 2934 884 3017 ipsaque
902 2931 963 2996 leti
1057 2995 1066 3002 ,

116 3043 223 3106 Frons
236 3052 325 3106 earet
341 3041 483 3108 invidias
501 3041 761 3122 necquidquam
776 3041 877 3126 plaga
889 3037 1045 3102 minatur.

117 3145 201 3208 Eoos
214 3145 302 3216 subit
313 3144 404 3210 virus
418 3146 570 3227 tacitum,
589 3143 762 3227 carpitque
777 3144 942 3212 medullas

117 3248 210 3335 Ignis
222 3251 324 3330 edax,
341 3249 513 3330 calidaque
528 3247 676 3312 inoendit
692 3248 818 3314 viscera
833 3249 920 3316 tabe.

117 3356 231 3427 Ebibit
246 3359 422 3424 humorem
436 3357 562 3436 oiroum
576 3354 692 3418 vitalia
707 3355 822 3422 fusum*

118 3462 243 3547 Pestis,
258 3473 290 3526 et
303 3461 339 3525 in
352 3460 440 3526 sicoo
454 3459 605 3548 linguam
621 3471 744 3523 torrere
756 3461 875 3542 palato}

120 3569 248 3654 Coepit.
266 3569 416 3634 Defessus
432 3567 495 3630 iret
508 3567 566 3650 qui
579 3569 680 3632 sudor
694 3565 731 3628 in
745 3575 835 3630 artus

119 3655 291 3754 Non'fuin
304 3680 404 3754 atque
421 3671 536 3736 oculos
548 3670 762 3738 lacrimarum
779 3689 866 3736 vena
878 3671 1009 3762 refugit.
1058 3661 1075 3673 “

119 3781 196 3848 Nou
211 3779 311 3842 decus
325 3775 473 3870 imperii,
491 3795 559 3840 non
574 3773 692 3846 moesti
707 3773 782 3848 iura
800 3777 933 3852 Catonis
