2790 4874
268 385 474 454 LIBER
512 371 652 456 vm..
680 403 713 458 u·
735 399 801 464 144.
955 389 1013 470 189

53 543 104 605 Da
115 535 239 604 similes
247 537 355 600 Lesbo
367 536 526 620 populos,
548 533 608 616 qui
614 535 719 598 Marte
732 535 906 600 subactum

52 648 126 708 Non
139 644 264 708 intrare
280 660 374 722 suos,
394 639 516 706 infesto
529 643 683 722 Caesare,
697 649 842 723 portus,.

52 752 126 812 Non
136 747 227 812 exire
237 757 357 812 vetent.
376 745 485 830 Dixit,
499 755 724 828 moestamque
738 746 872 812 carinae

51 855 213 938 Imposuit
224 855 387 921 comitem.
410 857 554 918 Cunctos
571 863 700 918 mutare
715 865 848 938 putarer

52 963 233 1045 Tellurem,
247 963 438 1051 patriaeque
448 964 575 1026 solum:
595 961 643 1025 sie
658 961 756 1026 litore
768 972 839 1025 toto

53 1067 397 1165 Plangiturpinfestae
416 1065 640 1130 tendunturin
652 1068 786 1130 aethera
798 1069 952 1133 dextraer

53 1170 312 1255 Pompeiumque
326 1168 450 1251 minua,
466 1167 559 1232 cuius
572 1167 707 1230 fortuna
720 1167 872 1232 dolorem

52 1278 217 1356 Moverat,
232 1283 282 1338 ast
294 1273 405 1356 illam,
422 1293 523 1354 quam
541 1282 608 1336 toto
625 1283 771 1358 tempore
786 1273 868 1338 belli

54 1379 98 1440 Ut
115 1377 224 1441 civem
242 1373 357 1438 videre
372 1395 487 1458 suam,
507 1375 673 1440 discedere
691 1397 845 1460 cerneus,

53 1482 218 1570 Ingemuit
233 1483 391 1564 populus:
409 1481 579 1566 quamvis,
598 1483 627 1546 si
642 1491 747 1546 eastra
763 1483 875 1548 mariti

52 1588 196 1654 Victoris
208 1595 349 1668 peteret,
369 1583 463 1648 siccis
483 1565 651 1653 dimiitere
670 1598 790 1656 matres

53 1695 127 1756 Nou
143 1701 295 1776 poteraut
309 1692 431 1770 oeulis;
450 1701 542 1756 tanto
557 1681 705 1760 devinxit
718 1714 833 1758 amore
935 1680 937 1684 ’

53 1803 123 1864 Hos
132 1802 257 1882 pudor,
267 1801 329 1862 hos
345 1797 508 1882 probitas,
522 1799 666 1880 castique
675 1799 835 1864 modestia
847 1801 973 1884 vultus,

53 1893 153 1988 Quod
166 1901 325 1996 submissa
337 1900 453 1982 nimis,
466 1900 557 1971 'nulli
566 1901 675 1988 gravis
688 1903 820 1986 hospita
832 1905 961 1988 turbae,
1038 1947 1046 1966 r

53 2007 174 2071 Stantis
191 2009 300 2072 adhue
316 2006 376 2070 fati
388 2005 470 2068 vixit
487 2007 581 2086 quasi
600 2008 742 2094 coniuge
755 2009 855 2074 vieto.

90 2112 164 2172 Iam
172 2108 292 2198 pelago
302 2109 430 2172 medios
442 2109 542 2172 Titan
557 2109 715 2176 demissus
731 2114 775 2174 ad
786 2111 895 2199 ignes,
953 2117 1012 2204 stip

53 2217 249 2299 Neequibus
257 2215 442 2296 abscondit,
454 2213 682 2296 neosiquibus
692 2217 812 2287 exserit
820 2221 951 2304 orbem,
1076 2240 1078 2244 ’

53 2328 155 2390 Totus
165 2336 246 2390 erat:
265 2325 383 2412 vigiles
396 2323 545 2407 Pompeii
558 2334 692 2408 pectore
709 2345 807 2390 mirae

54 2429 395 2524 Nuncsociasadeunt
408 2428 554 2494 Romani
571 2429 714 2493 foederis
734 2433 851 2514 urbes,

54 2537 93 2598 Et
102 2527 211 2600 rarius
223 2557 341 2621 regum
354 2545 496 2617 mentes,
512 2557 602 2599 nune
617 2535 708 2599 invia
719 2537 840 2623 mundi

54 2644 143 2704 Arva
158 2662 258 2724 super
275 2639 395 2704 nimios
407 2640 492 2704 soles
502 2642 724 2722 Austrumque
737 2639 883 2726 iacentis.
937 2684 942 2697 x

55 2752 160 2833 Saepe
170 2751 266 2812 labor
278 2740 428 2812 moestus*
434 2767 607 2828 curarum,
624 2745 805 2830 odiumque
815 2743 921 2814 futuri

53 2855 200 2922 Proiecit
211 2854 311 2918 fessos
326 2853 444 2920 incerti
456 2852 597 2936 pectoris
612 2862 734 2929 aestus3

52 2963 293 3039 Rectoremque
307 2957 388 3020 ratis
403 2959 445 3020 de
459 2957 586 3021 cunetis
602 2955 744 3018 consulit
756 2953 869 3040 astris,

52 3067 152 3128 Unde
165 3073 257 3128 notet
272 3065 387 3146 terras,
405 3063 547 3146 quaesit
564 3067 718 3126 mensura
735 3065 870 3150 secandi

52 3172 215 3256 Aequoris
231 3172 267 3236 in
280 3175 378 3238 ‚coelo
386 3218 397 3254 ,
414 3171 546 3254 Syriam
564 3191 632 3252 quo
647 3171 753 3234 sidere
766 3179 890 3253 servet,

51 3285 119 3346 Aut
138 3291 257 3363 quotus
270 3280 309 3346 iu
325 3283 472 3364 plaustro
489 3280 633 3364 libyam
652 3281 738 3343 bene
754 3280 877 3368 dirigat
893 3279 989 3368 ignis.

52 3389 180 3451 Doctus
194 3388 329 3450 adhaec
338 3387 426 3450 fatur
440 3385 531 3450 taciti
544 3395 692 3450 serrator
704 3384 862 3466 Olympi:

53 3491 221 3580 Signifero
234 3509 451 3571 quaecuuque
467 3491 576 3552 fluunt
586 3487 730 3552 labentia
743 3489 854 3569 coelo,

52 3599 234 3678 Nunquam
246 3604 351 3659 stante
366 3596 464 3676 polo,
480 3593 616 3659 miseros
631 3589 780 3654 fallentia
791 3600 909 3655 nautas

52 3701 170 3764 Sidera
181 3719 250 3762 nou
266 3699 454 3782 sequimur:
472 3699 531 3765 sed
543 3696 602 3778 qui
614 3711 682 3760 uon
695 3695 854 3782 mergitur
871 3693 970 3762 undis

52 3809 136 3876 sris
148 3808 357 3895 inocciduus,
373 3809 507 3898 gemina
521 3807 719 3876 clarissimus
731 3810 851 3894 Arcto,
