2852 4878
367 315 393 378 Χ

364 527 773 717 uorrrru
817 583 1340 740 tirrannum

823 839 994 916 nr,

489 1035 552 1122 Μ.
581 1033 881 1125 ΑΝΝΑΕΟ
920 1032 1215 1122 LUCANO
1317 1089 1320 1096 ,

370 1266 418 1322 ex
434 1239 750 1314 lentulorum
766 1240 987 1313 Bibliotheca
1007 1241 1115 1312 rauna
1137 1267 1156 1310 a
1176 1189 1229 1312 10ss
1244 1240 1338 1340 Aug.

501 1391 636 1468 Ernesti
657 1387 792 1465 auctius
814 1391 918 1464 edita.
936 1363 1046 1464 Tom,
1063 1391 1108 1463 11.
1130 1416 1160 1468 c.
1173 1412 1208 1464 x.
1252 1374 1256 1384 ¹

612 1728 859 1854 LUCANI
893 1782 1150 1855 AETAS..

365 1903 489 2096 M.
514 1999 705 2074 Arruntius
721 2001 930 2073 Luctuus¹
952 1999 1194 2074 Cordubensis
1211 1999 1344 2090 Hispa-

373 2137 464 2198 nus,
479 2111 572 2182 filius
584 2112 636 2186 M.
651 2110 787 2184 Annaei
804 2113 939 2198 Melae,
954 2136 1067 2204 quem
1087 2107 1242 2181 Senecae
1258 2108 1344 2179 Phi·

372 2220 516 2314 losophi
530 2220 672 2292 fratrem
685 2221 789 2294 fuisse
800 2220 979 2306 diximus,
999 2219 1118 2312 Eques
1134 2219 1343 2303 Romanus,

375 2347 412 2399 et
426 2327 472 2400 ab
492 2328 584 2428 Imp.
606 2329 766 2400 Nerone
764 2327 875 2400 variis
897 2345 1020 2400 auctus
1041 2327 1263 2414 honoribus,
1279 2325 1345 2398 sed

372 2456 515 2534 postea,
525 2464 629 2538 grave
640 2441 714 2511 eius
728 2427 876 2512 odium
868 2463 1073 2527 incurrens,
1088 2439 1212 2532 quod
1204 2463 1241 2508 m
1253 2439 1345 2509 Po'e·

373 2549 464 2636 tica,
489 2551 592 2622 cuius
614 2549 857 2644 principatum
881 2549 1081 2644 Imperator
1105 2549 1343 2635 ambiebat,²

375 2660 549 2731 excellere
576 2678 734 2755 cuperet.
762 2662 890 2755 Itaque
914 2661 1109 2756 implicitus
1133 2661 1346 2754 Pisonianue

375 2769 636 2858 coniurationi,
660 2788 696 2841 et
717 2770 975 2864 deprehensus,
991 2772 1161 2864 exireque
1179 2771 1255 2844 vita
1273 2773 1347 2842 ius-

376 2905 452 2968 sus,
470 2881 569 2952 venis
589 2879 711 2951 solutis
728 2879 819 2952 obiit
839 2905 935 2952 anno
955 2879 996 2950 C.
1012 2881 1032 2950 6
1036 2906 1067 2971 5.
1081 2881 1142 2950 vix
1153 2905 1265 2953 anuos
1278 2905 1347 2950 na-

376 3007 435 3164 tsuls
449 3011 504 3073 27.
525 2991 784 3065 Genethliacon
803 2992 883 3064 eius
897 2991 1056 3065 celebrat
1072 2989 1207 3064 ¹Stutius
1223 2991 1284 3064 lib.
1297 2989 1346 3061 11.

404 3119 473 3164 rva
492 3117 521 3179 7.

364 3351 366 3357 Ι
410 3301 423 3338 r
445 3283 546 3339 Praeter
556 3285 644 3340 Vitam
653 3285 749 3340 Lucani
759 3327 766 3354 ,
777 3303 849 3355 quae
883 3285 962 3340 Mart.
971 3287 1116 3341 Hanckium
1133 3291 1165 3344 de
1177 3290 1250 3343 Rom.
1261 3308 1348 3344 reruru

377 3365 410 3416 ad
418 3365 708 3420 Suetoniumuuctorem
718 3368 841 3430 refertur,
883 3366 1055 3435 scriptoribus
1071 3387 1128 3436 cap.
1139 3383 1183 3424 xr.
1193 3372 1249 3423 Nic.
1260 3372 1348 3424 Anto-

379 3445 453 3496 eiiam
467 3445 584 3498 ineditam
595 3446 678 3498 laudat
692 3445 802 3516 Scaliger
812 3447 843 3498 ad
883 3442 952 3496 nium
965 3445 1008 3498 lib.
1023 3448 1045 3498 l.
1060 3448 1124 3516 Bibl
1138 3451 1200 3502 Ver.
1218 3449 1350 3516 Hispanae

379 3523 493 3577 Culicem
501 3523 626 3594 Virgilii,
636 3526 703 3576 ullam
712 3524 838 3589 fortassis
882 3541 940 3593 cap.
932 3541 991 3581 ro.
1007 3540 1034 3580 et
1046 3527 1172 3582 Grddrunr
1186 3529 1217 3582 de
1233 3527 1350 3598 Scripto-

379 3601 557 3670 quaeeditioui
568 3601 843 3672 Schrevelianceprae·
882 3609 1165 3665 ribusnonEcclesiest.
1172 3613 1247 3664 Tom.
1257 3613 1279 3666 1.
1271 3631 1351 3686 ..pag

380 3677 504 3744 mittitur,
519 3680 615 3732 editae
630 3681 726 3734 Ioanne
740 3681 841 3734 Britan·
882 3686 943 3755 269

381 3761 449 3812 uico.
482 3759 558 3814 Adire
583 3773 713 3830 praeterea
743 3761 843 3814 iuvabit
916 3767 1052 3824 2Tacitus
1062 3766 1121 3826 XV·
1114 3783 1176 3837 ·49·
1167 3777 1213 3821 et
1223 3781 1267 3834 79
