2852 4878
353 378 400 438 vt
492 413 495 420 -
547 359 598 434 M.
624 359 858 434 ANNAEI
892 360 1123 438 LUCANI

349 545 447 593 mam
458 522 643 592 translatus
653 537 713 592 est.
725 518 959 614 Aenedispar
971 522 1120 594 eventus
1132 521 1170 594 in
1183 546 1228 594 eo
1238 547 1320 594 nan·

349 652 483 704 raretur
493 632 588 717 eius,
604 630 717 726 quiin
733 629 894 706 Hesiodo
906 629 1075 718 refertur,
1091 657 1176 703 cum
1190 635 1318 728 opinio

349 762 437 816 tunc
453 767 529 814 non
546 741 718 812 dissimilis
729 741 911 829 maner‘et,
934 766 1043 811 cunas
1059 739 1220 830 infantis,
1235 746 1319 836 qui·

349 855 418 926 bus
436 854 636 942 ferebatur,
658 877 739 948 apes
761 853 1084 937 circumvolitent,
1105 877 1219 944 osque
1233 853 1319 922 insi·
1332 855 1343 878 ¹

280 987 290 1008 ‘
350 966 436 1035 dere
456 965 680 1056 complures,
706 979 768 1032 aut
789 960 965 1033 dulcem
956 985 1027 1031 ram
1049 980 1128 1032 tum
1151 963 1318 1056 spiritum

349 1075 423 1174 eius
433 1074 686 1159 inhausientes,
700 1089 762 1142 aut
775 1040 993 1159 facundum,
1009 1089 1045 1142 et
1060 1074 1204 1163 qualem
1216 1097 1318 1147 nunc

349 1183 604 1267 existimamus,
620 1182 783 1253 futurum
800 1182 1043 1279 significantes.
1060 1179 1317 1276 Apraecepto·

347 1290 447 1374 ribus
461 1309 548 1360 tunc
563 1290 846 1360 eminentissimis
858 1306 909 1362 est
922 1289 1085 1362 eruditus
1093 1307 1104 1356 ':
1120 1311 1255 1383 eosque
1266 1295 1317 1363 in·

347 1419 401 1477 tta
415 1405 524 1478 breve
547 1404 718 1497 temporis
738 1403 894 1497 spatium
915 1403 1062 1499 ingenio
1079 1399 1314 1497 adaequavit3

346 1536 421 1585 una
440 1538 523 1584 vero
536 1513 728 1587 studentes
737 1513 916 1607 superavit
933 1513 1165 1609 profectibus.
1185 1517 1317 1587 Decla-

347 1625 461 1696 mavit
475 1643 511 1694 et
524 1625 656 1698 Graece
670 1643 706 1695 et
719 1624 845 1696 Latine
862 1650 946 1698 cum
969 1649 1097 1726 magna
1107 1625 1316 1699 admiratio-

347 1759 395 1805 ne
408 1733 646 1806 audientium.
665 1731 729 1804 Ob
743 1733 848 1826 quod
862 1733 991 1826 puerili
1005 1751 1147 1804 mutato
1160 1734 1199 1804 in
1214 1759 1316 1806 sena-

347 1841 482 1914 totium
498 1847 663 1931 cultum,
684 1843 776 1914 etin
799 1843 964 1914 notitiam
991 1842 1142 1913 Caesaris
1163 1844 1315 1916 Neronis

347 1955 468 2029 facile
463 1956 649 2048 pervenit,
674 1956 861 2026 ethonore
879 1953 1042 2026 vixdum
1058 1953 1164 2024 aetati
1186 1952 1314 2027 debito

347 2063 476 2164 dignus
488 2065 667 2138 iudicatus
678 2083 740 2136 est
757 2064 1002 2136 Gessitautem
1012 2076 1256 2156 quaesturam·
1273 2063 1313 2134 in

347 2199 419 2266 qua
433 2187 518 2245 cum
530 2176 695 2270 collegis,
712 2199 812 2244 more
823 2193 911 2278 tuuc
930 2174 1081 2260 usitato,
1095 2195 1229 2244 munus
1240 2177 1314 2271 gla-

348 2285 541 2358 diatorium
562 2283 695 2374 edidit,
712 2283 873 2353 secundo
887 2279 1017 2376 populi
1035 2224 1176 2371 faiore,
1201 2302 1314 2355 sacer-

346 2395 494 2466 dotium
510 2396 616 2468 etiam
629 2395 775 2489 accepit.
791 2393 982 2488 Equidem
987 2396 1156 2466 ha'ctenus
1168 2411 1314 2490 tempo·

344 2505 385 2577 ra‘
396 2505 525 2576 habuit
541 2505 707 2578 secunda.
723 2497 827 2610 Quae
843 2520 965 2576 autem
980 2521 1204 2598 sequuntur,
1228 2531 1312 2576 mu·

344 2631 416 2686 tata
429 2615 561 2686 invidia
576 2634 611 2687 et
624 2615 712 2688 odio
727 2616 898 2704 Neronis,
914 2616 980 2711 ipsi
990 2615 1165 2702 exitium,
1182 2613 1310 2688 dome·

343 2728 436 2797 sticis
450 2729 590 2801 luctum
605 2727 842 2800 miserabilem
852 2726 1060 2799 attulerunt.
1072 2726 1168 2798 Inter
1177 2729 1310 2798 amicos

343 2833 442 2906 enim
461 2835 631 2926 Caesaris,
647 2835 833 2931 quod'tam
847 2837 1060 2932 conspicuus
1075 2837 1176 2910 fieret
1189 2835 1312 2932 profe·

341 2961 423 3026 ctus
436 2949 474 3018 in
489 2951 642 3041 poetica,
660 2949 868 3044 frequenter
879 2941 1141 3028 offendebatur.
1157 2948 1310 3053 Quippe

342 3071 380 3126 et
397 3058 588 3129 certamine
606 3059 827 3152 pentaterico
848 3077 951 3146 acto,
971 3059 1010 3128 in
1029 3057 1196 3153 Pompeii
1209 3063 1311 3134 thea-

341 3181 400 3237 tro
418 3166 562 3251 laureis,
583 3168 753 3238 recitante
775 3171 939 3256 Nerone,
961 3168 1074 3240 fuerat
1094 3190 1308 3258 coronatus,

341 3293 434 3346 etex
450 3285 618 3369 tempore
626 3277 775 3370 Orphea
783 3278 1002 3373 scriptumin
1016 3276 1309 3373 experimentum
1419 3363 1420 3374 ,

340 3383 474 3480 ingenii
497 3385 679 3472 ediderat3
702 3403 738 3456 et
762 3406 830 3459 tres
853 3389 962 3460 libros
986 3393 1108 3482 quales
1131 3390 1307 3462 videmus.

341 3497 465 3598 Quare
477 3497 664 3568 inimicum
678 3497 746 3568 sibi
757 3496 842 3570 fecit
854 3492 1123 3594 Imperatorem.
1132 3500 1221 3607 Quo
1230 3507 1308 3571 am'-

340 3605 470 3678 bitiose
491 3605 675 3700 imitante,
691 3633 769 3679 non
787 3608 980 3680 hominum
1002 3627 1168 3696 tantum,
1188 3609 1309 3682 sedet

320 3771 322 3774 -
339 3717 469 3789 attium
483 3718 549 3788 sibi
563 3719 809 3814 principatum
824 3721 1049 3807 vindicante,
1069 3723 1306 3794 interdictum

340 3844 392 3901 est
413 3829 444 3901 ei
461 3828 635 3925 poetica,
653 3824 888 3905 interdictum
913 3847 965 3904 est
990 3832 1097 3912 etiam
1121 3847 1306 3909 causarum
