2852 4878
363 363 437 426 xlv
518 347 799 425 NOTITIA
830 348 1182 428 LITERARIA

364 510 431 582 ubi
446 527 603 596 notatur,
614 509 759 582 aliunde
770 526 881 582 assuta
896 535 967 582 esse
979 513 1064 584 haec
1073 514 1183 586 verba
1189 531 1330 609 'postren

364 645 437 690 ma:
451 619 607 689 Primam
616 621 713 690 etiam
727 624 795 690 eius
803 623 952 718 praelegi
962 628 1109 700 memini:
1125 631 1242 723 confici
1252 653 1329 700 vero

366 730 1333 830 cavenoliepraponinon-tentumoperoreocdiligenter.scd
1417 819 1418 830 ἵ

364 842 469 940 inepte
484 866 610 936 quoque.
625 837 801 912 Suetonio
812 843 899 912 baec
915 845 987 912 vita
1002 845 1236 918 vindicatura
1248 847 1331 918 uar-

342 1035 347 1054 Ι
364 953 443 1024 thio
465 950 541 1022 V11.
558 978 591 1044 3.
609 947 678 1026 Xl.
695 974 750 1022 nt.
768 949 913 1024 Advers.
933 953 1054 1025 Exstat
1067 957 1105 1025 in
1127 957 1332 1054 Graeuianis
1417 959 1418 976 .

301 1075 304 1084 '
366 1079 404 1134 et
421 1062 493 1132 aliis
514 1063 770 1132 recentioribus
791 1060 955 1132 Suetonii
982 1065 1214 1138 editionibus.
1249 1063 1331 1137 Alia

365 1173 437 1246 vita
453 1190 523 1260 est,
543 1197 635 1266 quae
649 1198 694 1243 ex
715 1173 985 1246 Commentario
1008 1175 1256 1268 antiquissimo
1274 1202 1332 1248 re·

364 1283 476 1378 petita
495 1283 605 1353 fertur
619 1283 656 1352 in
672 1283 771 1354 variis
786 1282 923 1352 Lucani
938 1283 1176 1374 editionibus,
1190 1301 1227 1356 et
1238 1285 1332 1358 inci·

365 1392 419 1488 pit
430 1421 438 1462 2
451 1391 498 1462 M.
509 1391 821 1460 AnnaeusLucanut
828 1409 957 1489 patrem
976 1393 1089 1464 habuit
1100 1397 1147 1464 M.
1161 1397 1331 1466 Annaeum

365 1503 497 1574 Melam.
519 1501 560 1568 ln
577 1503 627 1570 Io.
639 1499 695 1570 Fr.
709 1501 1040 1574 Wiclrmanslrausenii
1051 1506 1201 1576 diatriba
1212 1509 1249 1578 in
1260 1509 1333 1579 Lu·

366 1612 444 1683 cani
457 1611 683 1697 Pharsaliam,
697 1612 819 1683 Viteb.
837 1633 941 1696 1712·
956 1639 990 1703 4.
1006 1633 1042 1686 et
1056 1615 1093 1686 in
1104 1617 1333 1689 Iac.·Mosanti

366 1721 491 1794 Briosr'i
500 1721 560 1816 (de
570 1722 713 1817 Brieux)
721 1722 902 1816 Epistolis,
914 1725 1016 1794 editis
1024 1725 1174 1796 Cadomi
1185 1753 1215 1802 a.
1228 1729 1345 1815 1670.

368 1836 402 1905 8.
415 1859 493 1930 pag.
510 1858 588 1907 112.
600 1861 678 1928 sqq.
695 1835 739 1905 ad
750 1837 816 1906 lac.
830 1837 1051 1908 Palmerium
1062 1891 1072 1926 ,
1084 1841 1200 1910 multa
1214 1841 1252 1912 in
1260 1841 1335 1912 Lu·

367 1947 446 2018 cani
459 1947 603 2018 laudem
616 1967 782 2046 congesta
799 1950 911 2020 lector
922 1950 1086 2044 reperiet,
1105 1970 1141 2022 et
1153 1978 1230 2050 pag.
1252 1977 1334 2047 130.

366 2079 445 2150 sqq.
459 2059 634 2128 nonnulla
650 2059 785 2130 Lucani
806 2059 995 2130 emendata
1012 2061 1071 2130 vel
1083 2061 1262 2132 illustrata.
1284 2063 1335 2132 ll-

367 2171 491 2240 lustrat
506 2171 612 2240 etiam
625 2173 727 2264 plura
747 2171 882 2244 Lucani
897 2175 977 2244 loca
996 2188 1032 2243 et
1052 2174 1195 2274 castigat
1210 2173 1333 2246 Franc.

367 2281 576 2360 Modiusin
591 2279 704 2352 Lectt.
723 2283 978 2375 novantiquis,
994 2309 1060 2354 nec
1082 2309 1157 2354 non
1180 2281 1333 2360 Guillel·

369 2417 449 2464 mus
468 2393 639 2465 Canterus
656 2393 694 2462 in
709 2393 822 2464 Novis
836 2394 1060 2464 lectionibus.
1078 2393 1245 2466 Nimium
1262 2396 1336 2466 Lu·

369 2525 458 2573 cano
473 2501 582 2572 tribui
595 2525 615 2571 a
629 2500 762 2589 Statio,
787 2525 870 2572 cum
890 2503 1041 2596 patriam
1057 2503 1130 2572 eius
1146 2503 1223 2595 ipso
1247 2519 1335 2572 nato

366 2613 441 2712 plus
456 2639 551 2709 quam
565 2613 717 2683 Senecam
737 2608 864 2682 dedisse
877 2614 992 2684 mundo
1015 2605 1170 2705 scripsit,
1190 2611 1238 2683 ita
1252 2635 1337 2705 pro-

369 2719 491 2792 fitetur
503 2721 619 2792 Barth.
641 2721 687 2791 ad
701 2721 761 2792 lib.
778 2721 819 2790 ll.
839 2721 923 2792 Silv.
943 2743 973 2805 7.
990 2745 1068 2818 pag.
1085 2743 1165 2810 251.
1189 2737 1231 2790 ut
1243 2721 1338 2790 adu··

369 2834 543 2906 lationem
554 2835 712 2927 appellet
724 2857 837 2927 paene
850 2831 1142 2904 abominabilem.
1159 2831 1272 2900 Nimis
1285 2845 1338 2899 ta-

370 2961 506 3014 menet
528 2943 655 3036 ipsein
675 2942 864 3014 Lucanum
886 2943 1053 3034 iniquus,
1079 2939 1227 3033 quando
1248 2937 1340 3024 snb-3

370 3052 503 3150 iungit:
517 3053 698 3167 Quidenim
711 3069 797 3122 tatur
807 3052 978 3126 Lucanus.
996 3070 1103 3147 tumen
1118 3051 1247 3122 meliore
1254 3073 1337 3148 par·

372 3179 403 3234 te
414 3187 544 3236 suorum
557 3165 748 3260 scriptorum
761 3180 939 3259 superstes.
966 3163 1010 3232 ad
1021 3163 1159 3232 Senecae
1171 3161 1223 3233 vel
1235 3185 1336 3231 unam

370 3269 549 3371 Epistulam
559 3289 617 3340 aut
630 3273 889 3340 tractationem?
902 3269 1004 3338 Idem
1017 3269 1201 3362 assentitur
1211 3269 1334 3338 Franc.

371 3383 400 3453 F
402 3381 527 3453 lorido‘
539 3380 692 3468 Sabino,
716 3379 779 3473 qui
793 3379 856 3450 lib.
870 3379 913 3450 Η.
933 3379 1104 3451 subseciv.
1127 3377 1288 3448 Lection.
1306 3401 1337 3448 c.

375 3495 526 3568 aonibil
535 3517 697 3588 unquam
713 3493 854 3586 putavit
866 3495 1049 3588 prolatum
1063 3492 1212 3576 stultius,
1223 3515 1335 3582 quarn

373 3633 458 3679 cum
469 3603 601 3678 Statius
618 3605 780 3674 Homero
794 3605 1032 3696 superiorem,
1046 3627 1169 3696 parem
1184 3600 1337 3700 Virgilio

373 3701 561 3791 Lucanum
576 3713 768 3788 celebravit
780 3725 926 3808 poetam
937 3713 990 3783 his
1009 3711 1185 3786 versibus:
