2788 4880
348 407 387 472 ss
609 405 1055 472 rusnslirsn
1149 404 1285 488 ως.

345 545 464 612 Brutus
481 544 543 610 ait:
559 545 725 609 Paterisne
741 545 828 609 acies
845 551 957 612 errare
973 543 1166 628 profundo?

344 657 478 720 arlinus
494 667 526 718 et
543 665 646 718 cenas
664 653 795 740 penge
809 653 877 716 iam
894 637 1190 718 coherciturum:

343 761 515 824 Phocaicis
534 759 789 822 medias-rostris
806 777 940 842 oppone
958 758 1097 822 carinas.

343 865 474 945 Paruit,
494 862 646 944 obliquas
659 873 691 925 et
706 861 859 948 praebuit
874 861 1145 945 hostibusqelnos.

343 973 439 1038 'lhnc'
456 991 673 1056 quaecunque
686 971 767 1034 ratis
784 969 922 1033 tentavit
937 972 1059 1034 robora
1073 969 1179 1056 Bruti,

338 1084 413 1145 Ictu
432 1079 520 1142 victa
534 1097 595 1142 suo
614 1095 786 1162 percussae
799 1086 895 1160 capta
910 1077 1065 1140 cohaesit.

343 1187 400 1248 Ast
415 1183 497 1247 alias
510 1182 728 1263 manicaeque
744 1179 864 1266 ligant,
884 1190 1066 1263 teretesque
1083 1187 1239 1268 catenae,

341 1286 448 1368 Seque
463 1293 576 1348 tenent
592 1283 708 1347 remis:
725 1292 818 1346 tecto
828 1283 915 1348 stetit
929 1303 1074 1365 aequore
1092 1279 1231 1354 bellum.

217 1373 219 1380 ¹
286 1431 288 1436 -
382 1392 453 1454 lam
468 1401 538 1453 non
552 1387 694 1452 excussis
714 1390 911 1469 torquentur
926 1389 990 1450 tela
1003 1387 1153 1470 lacertis,

341 1497 409 1558 Nec
426 1493 610 1582 longinqua
623 1495 746 1556 cadunt
766 1492 909 1556 iaculato
931 1495 1072 1558 vulnere
1089 1495 1197 1577 ferro,

341 1601 588 1682 Miscenturque
600 1619 727 1663 manus.
744 1597 862 1662 Navali
879 1598 1025 1682 plurima
1040 1601 1131 1662 bello

340 1705 435 1770 Ensis
447 1705 525 1792 agit.
541 1705 610 1766 Stat
629 1703 769 1784 quisque
784 1721 862 1766 suae
877 1704 918 1765 de
937 1707 1058 1769 robore
1071 1703 1193 1788 puppis

341 1813 469 1874 Pronus
484 1810 521 1872 in
538 1811 691 1872 adversos
703 1807 804 1871 ictus:
825 1808 977 1888 nullique
995 1809 1138 1890 peremti
1216 1811 1218 1816 ’

340 1921 381 1980 In
397 1917 522 1980 ratibus
540 1915 687 1979 cecidere
704 1915 780 1978 suis.
804 1917 910 1978 Cruor
929 1917 1014 1978 altus
1034 1915 1071 1977 in
1087 1913 1187 1978 undis

287 2034 292 2044 '
340 2028 492 2112 spumat,
509 2033 541 2086 et
557 2021 693 2086 obducti
707 2031 922 2084 concrescunt
931 2017 1094 2106 sanguine
1107 2017 1238 2086 fluctus.

340 2135 381 2198 Et
390 2153 470 2214 quas
485 2129 625 2194 immissi
645 2130 815 2193 traxerunt
828 2129 963 2192 vincula
974 2128 1067 2212 ferri,
1177 2183 1179 2192 ,
1249 2132 1324 2214 574

339 2243 410 2304 Has
423 2238 602 2324 prohibent
614 2235 709 2322 iungi
727 2247 880 2300 conserta
897 2236 1057 2298 cadavera
1072 2247 1214 2318 puppes.

340 2342 556 2408 Semianimes
568 2341 626 2404 alii
645 2349 774 2405 vastum
786 2343 917 2406 subiere
927 2344 1149 2426 profundum,

339 2455 596 2529 Hauseruntque
615 2468 674 2512 suo
691 2449 893 2532 permixtum
905 2450 1067 2538 sanguine
1084 2463 1252 2534 pontum:

339 2556 387 2622 Hi
400 2559 581 2636 luctantem
600 2554 747 2616 animam
763 2555 853 2617 lenta
867 2577 943 2618 cum
956 2565 1064 2619 morte
1082 2559 1273 2643 trahentes,

338 2642 533 2730 Fractarum
545 2663 652 2727 subita
666 2663 788 2726 ratium
800 2664 929 2746 periere
948 2663 1057 2728 mina.

338 2768 437 2832 Irrita
452 2769 516 2830 tela
535 2785 609 2830 suas
626 2777 791 2853 peragunt
802 2767 839 2830 in
859 2767 991 2855 gurgite
1008 2770 1143 2834 caedes:

270 2871 274 2882 '
338 2876 380 2938 Et
398 2875 622 2958 quodcunque
640 2871 727 2934 cadit
740 2872 897 2936 frustrato
914 2876 1064 2956 pondere
1081 2875 1225 2960 ferrum,

338 2985 521 3067 Exceptum
535 2980 653 3044 mediis
667 2979 796 3044 invenit
811 2983 932 3044 vulnus
947 2981 984 3044 iu
999 2980 1108 3063 undis.

379 3085 550 3150 Phocaicis
566 3087 720 3148 Romana
737 3086 817 3148 ratis
833 3088 953 3152 vallata
971 3087 1110 3170 carinis,
1179 3117 1180 3122 ¹

337 3195 473 3256 Robore
489 3193 624 3256 diducto
642 3193 794 3254 dextrum
814 3195 1013 3274 laevumque
1030 3201 1141 3257 tuetur
1252 3209 1257 3216 ·

337 3299 454 3379 Aequo
473 3301 580 3360 Marte
598 3301 699 3360 latus:
722 3297 815 3360 cuius
832 3300 912 3361 dum
930 3309 1058 3386 pugnat
1072 3302 1115 3364 ab
1131 3301 1201 3362 alta

338 3407 453 3486 Puppe
463 3407 577 3485 Catus,
593 3401 795 3483 Graiumque
807 3405 916 3466 audax
926 3407 1071 3488 aplustre
1083 3412 1232 3468 retentat
1241 3451 1258 3490 ‚

336 3509 446 3592 Terga
458 3505 557 3570 simul
573 3506 697 3590 pariter
711 3503 820 3570 missis
832 3515 864 3568 et
874 3516 1008 3589 pectora
1023 3507 1096 3572 telis
1183 3513 1186 3518 '

336 3607 559 3692 Transigiturz
576 3609 688 3674 medio
705 3606 873 3696 concurrit
883 3620 1019 3692 pectore
1031 3611 1158 3678 ferrum
1167 3655 1180 3694 ,

336 3718 377 3778 Et
389 3715 477 3780 stetit
493 3715 636 3782 incertus
651 3719 766 3782 flueret
784 3736 852 3799 quo
867 3720 1005 3782 vulnere
1018 3719 1170 3807 sanguim
1380 3797 1381 3802 ἵ

336 3821 453 3886 Donec
464 3829 619 3902 utrasque
630 3821 730 3888 simul
743 3824 855 3911 largus
868 3843 967 3888 cruor
985 3824 1113 3910 expulit
1129 3825 1271 3912 hastas,
