2824 4880
362 337 569 406 LIBER
606 321 676 401 ῙΧ.
715 335 837 404 usco
1022 334 1081 394 aar

110 481 232 550 Militis
244 500 303 548 ora
314 483 433 568 pedes:
447 490 606 548 monstrat
619 485 760 548 tolerare
773 499 931 566 vapores,

111 595 191 656 Non
200 592 313 656 iubet:
329 602 362 656 et
373 592 466 655 nulla
476 590 609 656 vehitur
623 591 751 664 cervice
765 591 920 676 supinus,
1023 581 1025 586 ¹

113 699 326 785 Carpentove
335 699 460 763 sedens·
472 695 587 760 Somni
600 697 812 780 parcissimus
823 695 893 780 ipse
903 701 966 776 est,

113 807 263 870 Ultimus
275 809 411 870 haustor
421 823 537 886 aquae.
559 807 644 868 Cum
661 806 795 868 tandem
808 805 899 868 fonte
917 808 1049 888 reperto

113 908 238 994 Indiga
255 916 391 995 cogatur
400 905 513 970 latices
524 914 642 988 potare
650 904 824 986 iuventus,

115 1018 204 1099 Stat,
221 1018 303 1080 dum
314 1015 383 1080 lixa
399 1013 501 1078 bibat.
517 1013 553 1076 si
571 1011 659 1078 veris
669 1031 797 1099 magna
812 1020 949 1096 paratur

114 1128 222 1188 Fama
233 1123 349 1206 bonis,
365 1117 438 1200 etsi
451 1137 603 1192 srsonessu
618 1124 709 1184 nuda
723 1130 852 1185 remoto
933 1132 941 1142 ’
960 1178 961 1182 ,

114 1215 298 1316 Inspicitur
310 1233 430 1314 virtus,
446 1229 611 1314 quidquid
622 1232 796 1294 laudamus
815 1229 853 1292 in
870 1228 942 1291 ullo
984 1319 986 1324 Ι

116 1331 303 1424 Maiorum,
319 1341 452 1404 fortuna
463 1338 538 1402 init.
555 1337 638 1424 Quis
651 1339 758 1401 Marte
770 1337 936 1417 secundo,
978 1324 981 1332 ’

118 1445 206 1531 Quis
219 1455 348 1509 tanturn
364 1443 485 1508 meruit
499 1444 703 1526 populorum
719 1442 882 1532 sanguine
898 1442 1046 1506 nomen?
1176 1529 1190 1544 .

117 1550 224 1612 Hunc
231 1567 296 1634 ego
308 1570 368 1630 per
377 1550 508 1630 Syrtes,
519 1547 713 1630 Libyaeque
722 1557 869 1610 extrema
877 1547 1085 1632 triumphum

119 1655 253 1717 Ducere
262 1657 453 1737 maluerim,
466 1667 566 1736 quam
578 1664 627 1718 ter
641 1653 805 1737 Capitolia
819 1645 919 1716 curru

121 1759 288 1821 Scandere
298 1758 466 1842 Pompeii,
476 1779 577 1840 quam
586 1759 739 1846 frangere
749 1760 835 1822 colla
845 1759 1035 1844 Iugurthae.

120 1863 210 1925 Ecce
222 1883 343 1946 parens
356 1849 459 1928 verus
467 1865 610 1948 patriae,
628 1864 840 1952 dignissimus
856 1865 935 1947 aris,

122 1972 253 2053 Roma,
265 1971 345 2050 tuis3
358 1993 419 2054 per
432 1964 532 2053 quein
547 1973 720 2054 nunquam
736 1973 847 2036 iurare
865 1973 1020 2057 pudebit,
1049 1967 1053 1974 ’
1073 1959 1075 1965 ’

123 2077 167 2138 Et
178 2097 293 2158 quern,
311 2078 340 2140 si
355 2079 481 2140 steteris
496 2099 644 2160 unquam
657 2078 785 2142 cervice
796 2081 920 2159 soluta,
1030 2082 1090 2158 603

110 2183 224 2244 „Nunc
236 2162 323 2244 01ίὼ
335 2179 462 2270 iactura
480 2186 600 2248 Deum.
615 2185 687 2248 Iam
703 2185 839 2272 spissior
850 2185 955 2273 ignis,

125 2287 167 2347 Et
182 2287 299 2371 plaga,
310 2309 375 2368 qua
387 2290 516 2352 nnllam
530 2289 651 2374 Superi
668 2291 866 2357 mortalibus
878 2276 1034 2364 umbram

125 2394 157 2456 Α
174 2394 287 2458 medio
300 2395 408 2473 fecere
421 2389 671 2482 die,'eatcatue;
688 2407 722 2464 et
733 2385 825 2464 unda
937 2471 940 2476 ,
1039 2482 1040 2486 ¹

127 2501 270 2564 Rarior:
287 2502 442 2566 inventus
459 2499 578 2566 mediis
595 2503 670 2566 lons
684 2523 772 2568 nnus
790 2505 918 2588 arenis,

128 2609 257 2694 Largus
267 2629 390 2690 aquae,
400 2607 459 2672 sed
469 2629 568 2690 quem
580 2615 771 2689 serpentum
785 2611 883 2670 turba
893 2612 1040 2694 tenebat,

130 2710 199 2776 Vix
208 2710 361 2793 'capiente
371 2711 456 2788 loco.
475 2710 818 2799 Stabantiumargine
833 2697 952 2777 siccae¹
983 2771 986 2778 .
1027 2693 1028 2697 Ἰ

130 2813 289 2897 Aspidos,
303 2815 341 2880 in
357 2815 476 2880 mediis
492 2815 647 2886 sitiebant
655 2817 817 2900 Dipsades
827 2813 936 2882 undis.

132 2923 277 3002 Ductor,
292 2929 330 2984 ut
347 2919 496 3004 adspexit
509 2919 675 3004 perituros
687 2921 779 2986 fonte
792 2918 929 3006 relicto,
980 2998 985 3014 ¹

133 3021 353 3105 Adloquitur:
368 3029 465 3091 Vana
477 3026 587 3108 specie
599 3025 775 3090 conterrite
793 3017 872 3108 leti,

133 3135 185 3194 Ne
201 3133 331 3214 dubita,
345 3131 460 3214 miles,
476 3141 563 3196 tutos
576 3127 921 3220 bauriro'liquorcss'
1067 3210 1072 3218 A

134 3237 244 3300 Noxia
256 3248 446 3321 serpentum
461 3245 509 3300 est
524 3235 671 3298 admixto
685 3233 849 3322 sanguine
865 3234 982 3318 pestis:

137 3347 252 3408 Morsu
265 3345 506 3426 virushabent‚
523 3343 671 3406 ctiatum
689 3343 788 3404 dente
800 3341 988 3407 minantur:
1061 3365 1076 3426 Ἰ

137 3437 264 3514 Pocula
274 3459 380 3512 morte
389 3459 511 3512 carent.
525 3447 633 3529 Dixit,
646 3447 853 3526 dubiumque
868 3465 1036 3510 venenum

139 3557 277 3621 Hausit:
297 3565 330 3619 et
339 3557 376 3620 in
389 3544 462 3618 tota*
468 3555 594 3637 libyae
608 3555 682 3632 lons
697 3573 783 3621 unus
800 3571 902 3616 arena

139 3665 203 3728 Ille
219 3662 299 3745 fuit,
311 3665 354 3726 de
367 3645 571 3746 quoprimus
585 3659 648 3724 sibi
660 3667 809 3744 posceret
823 3662 940 3726 undas.

184 3771 252 3834 Cur
264 3767 410 3857 Lib'ycus
424 3770 522 3836 tantis
539 3771 682 3834 exundet
694 3768 841 3854 pestibus
853 3774 911 3836 aer
