2790 4874
192 368 515 434 rnnnsnmne
539 368 630 432 cin.
650 370 732 435 vn.
754 389 785 432 v.
809 391 857 452 ιφ.
952 374 1008 454 157
1061 341 1064 350 ’

53 513 192 596 Vespere
201 517 334 595 pacato,
350 530 435 593 pura
447 510 645 574 venerabilis
663 531 785 594 aeque,

53 623 159 706 Quam
172 641 286 684 currus
298 628 450 702 ornante,
468 627 562 710 toga,
578 622 758 704 plaudente
768 623 908 706 Senatu,

53 728 139 792 Sedit
150 730 258 791 adhuc
272 729 440 792 Romanus
459 747 568 808 eques.
583 729 652 815 ¹Seu
664 727 729 792 fine
748 732 915 797 bonorum

52 836 153 900 Anxia
164 834 311 898 venturis
321 837 364 898 ad
380 845 530 917 tempora
545 835 630 898 laeta
647 835 788 922 refugit3

53 942 123 1004 Sive
136 959 195 1024 per
209 943 362 1028 ambages
373 941 483 1006 solitas
497 941 664 1006 contraria
679 943 756 1008 visis
832 1001 833 1004 ,

53 1049 232 1112 Vaticinata
246 1048 353 1130 quies,
377 1048 492 1134 magni
511 1048 586 1112 tulit
605 1049 719 1112 omina
731 1053 901 1134 planctus;

53 1155 112 1216 Seu
125 1155 225 1216 vetito
242 1153 365 1236 patrias
376 1154 465 1216 ultra
485 1153 545 1217 tihi
565 1173 700 1216 cernere
709 1157 816 1237 sedes,

55 1259 103 1322 Sic
116 1263 255 1322 Romam
268 1263 413 1323 Fortuna
428 1261 528 1324 dedit.
546 1265 594 1324 Ne
610 1262 755 1344 rumpite
770 1275 918 1348 somnos,
959 1301 967 1315 ι

56 1365 239 1426 Castrorum
253 1364 384 1452 vigiles,
395 1367 503 1430 nullas
517 1367 596 1430 tuba
609 1367 759 1430 verberet
772 1386 877 1431 aures.

56 1467 194 1530 Crastina
208 1467 282 1530 dira-
294 1469 403 1552 quies,
419 1479 451 1532 et
463 1469 609 1556 imagine
626 1481 751 1534 moesta
767 1471 886 1534 diurna

7 1559 8 1562 ¹
55 1571 201 1653 Undique
218 1574 363 1637 funestas
379 1573 465 1637 acies
481 1575 578 1656 seret,
591 1575 738 1656 undique
755 1577 891 1640 bellum.

54 1675 142 1738 Unde
157 1697 253 1760 pares
262 1697 393 1741 somnos
409 1679 557 1762 populis,
568 1691 765 1763 noctemque
777 1685 931 1748 beatam?

54 1781 82 1841 Ο
96 1782 189 1864 felix,
199 1782 229 1845 si
245 1793 276 1845 te
293 1784 347 1845 vel
359 1783 407 1846 sic
420 1794 476 1846 tua
492 1787 599 1847 Roma
619 1779 756 1850 videret.

54 1883 230 1946 Donassent
244 1883 370 1948 utinam
382 1886 514 1969 Superi,
530 1887 736 1974 patriaeque,
757 1891 883 1973 tibique
998 1966 1006 1982 .

19 1979 22 1988 ⁴
53 1990 176 2072 Unum,
188 1993 327 2076 Magne,
341 1991 445 2081 diem,
460 2013 526 2074 quo
543 1993 602 2056 tati
616 2006 722 2058 certus
739 2001 878 2080 uterque

53 2095 236 2158 Extremum
255 2094 336 2158 tanti
356 2117 476 2158 munus
492 2099 649 2180 raperetis
662 2100 793 2164 amoris.
964 2107 1004 2168 32

53 2201 99 2262 Tu
114 2203 204 2263 velut
220 2200 365 2266 Ausonia
378 2201 471 2264 vadis
484 2203 661 2267 moriturus
674 2204 711 2267 in
725 2209 826 2270 urbe:
936 2287 937 2290 Ἴ

53 2314 109 2375 Illa
128 2313 191 2376 rati
208 2333 338 2396 semper
354 2315 395 2376 de
411 2322 441 2375 te
456 2312 519 2375 sihi
536 2314 665 2378 conscia
678 2317 748 2379 voti

53 2416 118 2480 Hoc
132 2419 236 2481 scelus
250 2417 342 2478 haud
355 2437 506 2497 >unquam
522 2416 597 2482 fatis
616 2419 753 2482 haerere
769 2423 912 2506 putavit,

53 2527 98 2591 Sic
109 2546 143 2592 se
160 2525 274 2598 dilecti
285 2527 451 2588 tumulum
467 2545 598 2608 quoque
610 2530 748 2612 perdere
764 2533 887 2614 Magni.

14 2648 21 2654 '
55 2635 93 2698 Tc
106 2635 211 2698 mixto
224 2635 329 2697 flesset
342 2634 434 2696 luctu
448 2632 662 2718 iuvenisque,
675 2657 855 2720 senexque,
973 2669 977 2678 ·

7 2781 8 2784 κ
54 2739 255 2823 Iniussusque
269 2763 366 2826 puer:
385 2741 557 2804 lacerasset
576 2741 667 2807 crine
683 2743 790 2804 soluto

55 2847 183 2909 Pectora
195 2844 392 2926 femineum,
410 2843 577 2905 ceu'Brnti
593 2843 725 2923 funere,
745 2845 873 2928 vulgus.

54 2952 140 3017 Nunc
155 2973 287 3034 quoque
304 2953 369 3014 tela
383 2947 459 3012 licet
475 2957 618 3031 paveant
631 2946 763 3009 victoris
775 2947 902 3032 iniqui,

54 3057 180 3121 Nuntiet
193 3059 262 3142 ipse
280 3055 357 3119 licet
370 3059 487 3117 Caesar
507 3063 565 3116 tua
579 3053 710 3135 funera,
724 3055 867 3132 flebunt;

54 3164 109 3226 Sed
125 3168 208 3229 dum
224 3175 297 3227 tura
311 3165 437 3244 ferunt,
454 3164 536 3223 dum
550 3163 662 3260 iaprea
678 3171 763 3222 serta
775 3163 927 3226 Tonanti.

56 3268 81 3330 0
94 3269 223 3351 miseri,
238 3287 378 3350 quorum
389 3266 529 3352 gemitus
544 3267 640 3327 edere
658 3257 828 3348 dolorem,⁸
915 3299 918 3306 ·

55 3374 113 3458 Qui
129 3385 162 3438 te
181 3393 250 3436 non
265 3375 365 3454 pleno
379 3370 500 3452 pariter
516 3370 673 3451 planxere
690 3371 826 3431 theatro.

88 3480 218 3544 Vicerat
227 3487 313 3540 astra
322 3476 433 3554 iubar,
447 3475 520 3536 cum
534 3473 636 3535 mixto
649 3494 818 3534 murmure
832 3477 927 3538 turha

7 3607 8 3614 .
56 3581 235 3645 Castrorum
250 3579 398 3660 fremuit,
416 3578 556 3658 fatisque
569 3577 771 3638 trahentibus
786 3581 898 3642 orbem
907 3627 919 3664 ,

54 3681 145 3768 Signa
162 3685 243 3768 petit
257 3704 398 3770 pugnae.
419 3681 530 3746 Miseri
545 3703 620 3765 pars
635 3683 780 3745 maxima
792 3684 886 3771 vulgi

55 3783 120 3851 Non
138 3787 374 3852 totumvisura
390 3788 493 3871 diem,
511 3787 650 3851 tentoria
667 3787 791 3872 circum
835 3831 839 3846 .
