2824 4880
372 441 430 512 ιμ
624 424 1072 490 PHARSALIAE
1174 431 1290 506 nme

368 575 516 640 Stridula
532 577 590 640 sed
608 575 714 640 multo
730 585 922 640 saturantur
938 575 1003 642 tela
1013 591 1155 644 veneno.

368 684 519 750 Vulnera
533 701 638 768 parva
654 691 793 764 nocent,
808 681 980 766 fatumque
995 683 1033 747 in
1052 683 1216 772 sanguine

948 813 1080 856 summo
1094 803 1153 858 est.
1236 825 1243 839 ι

369 899 401 962 0
417 896 546 960 utinam
565 913 634 958 non
648 902 739 958 tanta
759 893 842 958 mihi
861 894 984 962 fiducia
1002 897 1110 963 saeris

368 1007 460 1070 Esset
470 999 699 1068 inArsacidist
718 999 793 1066 tatis
810 1000 910 1066 nimis
926 1004 1059 1066 aemula
1075 1003 1195 1068 nostris

367 1115 448 1178 Fata
457 1120 592 1176 movent
602 1109 735 1192 Medos,
745 1109 1002 1191 multumqucin
1012 1121 1111 1198 gente
1118 1115 1262 1178 Deorum
1273 1120 1319 1180 cst

368 1213 548 1284 Effundam
560 1213 703 1299 populos
718 1211 785 1276 alia
802 1215 920 1278 tellure
937 1217 1100 1300 revulsos,

367 1325 564 1408 Excitosque
575 1323 643 1388 suis
655 1321 835 1388 immittam
847 1324 981 1390 sedibus
995 1335 1097 1392 ortus.

369 1432 469 1520 Quod
482 1429 512 1494 si
529 1449 591 1494 nos
604 1431 673 1494 an
686 1425 785 1511 fides,
798 1437 831 1492 et
849 1431 992 1493 Barbara
1003 1431 1126 1497 fallunt

368 1539 531 1614 Foedera3
545 1535 673 1622 vulgati
685 1555 786 1619 supra
800 1535 1002 1603 commercia
1017 1540 1137 1604 muudi

368 1639 588 1728 Naufragium
602 1641 749 1704 Fortuna
765 1637 859 1704 ierat.
878 1643 954 1706 Non
969 1661 1075 1730 regna
1087 1647 1264 1730 precabor,

369 1750 465 1834 Quae
478 1747 560 1827 feci3
575 1756 625 1811 sat
637 1765 759 1834 magna
773 1747 879 1812 leram
892 1749 1010 1814 solatia
1028 1750 1146 1816 mortis

351 1859 355 1868 '
370 1855 461 1918 Orbe
478 1853 589 1916 iacens
602 1851 688 1933 alio,
702 1849 852 1916 nil'haec
869 1853 905 1916 in
923 1856 1073 1917 membra
1087 1855 1237 1940 cruente,

369 1957 424 2024 Nil
440 1979 594 2024 socerum
609 1941 726 2022 fecisse
740 1957 806 2042 pio.
826 1961 891 2024 Sed
905 1971 1024 2023 cuncta
1042 1961 1219 2028 revolvens

368 2067 467 2134 Vitae
483 2067 553 2131 fata
568 2087 679 2149 meae,
689 2085 821 2150 semper
834 2065 1033 2131 venerabilis
1046 2067 1106 2132 illa

371 2175 472 2239 Orbis
489 2182 590 2258 parte·
601 2172 673 2236 fui:
689 2181 832 2253 quantus
851 2175 1019 2238 Maeotida
1031 2197 1151 2262 supra,
1272 2175 1323 2239 ors

370 2279 522 2362 Quantus
537 2277 628 2357 apud
643 2274 773 2338 Tanain
789 2285 859 2340 toto
875 2267 1068 2362 conspectus
1084 2279 1122 2344 in
1138 2277 1240 2342 ortui

370 2383 462 2468 Quas
474 2377 580 2470 magis
592 2379 628 2444 in
644 2390 747 2445 terras
760 2383 909 2446 nostrum
927 2383 1081 2450 felicibus
1098 2385 1180 2449 actis

345 2476 346 2480 ¹
370 2495 501 2555 Nomen
511 2483 599 2575 abit,
612 2500 670 2554 aut
682 2487 773 2554 unde
784 2483 871 2554 redit
881 2491 1007 2556 maiore
1024 2491 1221 2578 triumpho?

370 2603 498 2682 Roma,
511 2600 587 2664 fave
600 2597 742 2682 coeptis:
761 2596 843 2680 quid
855 2597 946 2662 enim
962 2597 1024 2660 tibi
1039 2598 1158 2664 laetius
1170 2617 1306 2682 unquam

370 2702 594 2769 Praestiterint
604 2701 738 2787 Superi,
749 2723 865 2785 quarn,
877 2701 907 2766 si
920 2700 1033 2766 civilia
1044 2702 1167 2765 Partho

370 2809 481 2874 Milite
490 2809 580 2872 bella
594 2825 709 2894 geras,
727 2815 855 2870 tantam
872 2824 1068 2868 consumere
1083 2815 1235 2892 gentem,

371 2903 412 2983 Et
426 2917 546 2983 nostris
563 2916 701 2981 miscere
717 2915 837 2980 malis?
852 2917 937 2978 Cum
948 2913 1095 2978 Caesaris
1110 2930 1206 2976 arma

372 3029 578 3090 Concurrent
587 3020 710 3100 Medis,
728 3029 785 3122 aut
798 3039 852 3082 me
866 3017 1012 3082 Fortuna
1026 3037 1157 3080 necesse
1172 3023 1220 3080 est
1277 3029 1282 3042 ·

371 3127 544 3211 Vindicet,
556 3135 615 3190 aut
627 3127 769 3196 Crassos.
782 3124 837 3187 Sic
854 3124 957 3206 fatus,
970 3143 1143 3198 murmure
1159 3119 1257 3185 sentit
1386 3155 1387 3164 2

372 3229 559 3294 Consilium
571 3219 745 3294 damriasse
755 3228 861 3293 viros:
881 3249 965 3311 quos
980 3231 1141 3297 Lentulus
1154 3250 1265 3294 omnes
1385 3311 1386 3318 ἵ

315 3374 318 3382 ·
371 3335 513 3401 Virtutis
529 3333 688 3418 stimulis,
702 3343 735 3398 et
748 3333 921 3396 nobilitate
942 3333 1080 3399 dolendi

371 3435 564 3526 Praecessit,
574 3442 758 3532 dignasque
769 3440 843 3502 tulit
856 3443 957 3504 modo
968 3441 1112 3504 consule
1122 3455 1235 3505 voces:

295 3596 297 3604 s
371 3547 501 3614 Siccine
512 3547 718 3612 Thessalicae
732 3545 1026 3632 mentemfrcgere
1038 3545 1181 3610 ruinae?

371 3658 449 3719 Una
458 3654 657 3720 diesmundi
671 3651 842 3720 damnavit
857 3653 950 3717 fata?
965 3653 1150 3716 secundum

372 3761 559 3826 Emathiam
572 3761 613 3824 lis
632 3756 860 3823 tanta'datur?
878 3757 964 3822 iacet
978 3777 1079 3822 omne
1099 3753 1228 3820 cruenti

372 3864 530 3933 Vulneris
539 3861 727 3933 auxilium?
739 3863 827 3930 solos
839 3851 917 3948 tibi,
932 3864 1054 3950 Magne
1062 3906 1079 3947 ,¹
1088 3859 1223 3944 reliquit
