2788 4880
292 417 496 480 monn
535 419 604 482 ιν.
648 441 678 482 v.
715 393 780 501 ur·
974 427 1013 488 m

69 560 201 646 Hospitis
213 561 273 624 ille
286 561 350 626 ciet
368 583 509 646 nomen,
524 573 620 627 vocet
634 565 693 627 ille
703 564 950 650 propinquums

68 671 219 730 Admonet
235 669 327 731 huno
340 669 457 736 studiis
475 689 608 734 consors
623 669 807 755 puerilibus
823 685 931 739 aetas:

14 793 16 802 ⁴
67 771 124 832 Nec
139 771 308 834 Romanus
322 781 405 853 erat,
422 771 562 852 quinon
573 785 753 859 agnoverat
762 775 900 840 hostem.

68 877 155 936 Arma
167 874 278 962 rigent
285 875 444 960 lacrimis,
463 877 664 965 singultibus
672 881 792 942 ,osculo
801 889 976 966 rumpunt:

70 984 101 1044 Et
116 983 265 1064 quamfls
280 986 374 1048 nullo
388 987 572 1049 maculatus
590 985 752 1072 sunguine
764 987 874 1072 mites,
1052 983 1057 1018 '

70 1095 149 1179 Quae
160 1094 270 1178 potuit
282 1095 412 1178 secisse,
432 1095 534 1159 timet.
549 1096 639 1182 Quid
656 1105 789 1182 pectora
800 1099 933 1180 pulsos?

72 1197 161 1282 Quid,
179 1219 314 1282 vesane,
330 1199 457 1286 gemis?
478 1201 572 1263 fletus
592 1201 674 1281 quid
693 1200 806 1263 fundis
823 1201 960 1265 inanes?

72 1304 169 1367 Necte
186 1313 303 1387 sponte
320 1313 374 1366 tua
388 1305 504 1368 sceleri
521 1325 637 1388 parere
657 1305 790 1370 fateris?

72 1407 166 1486 Usque
180 1407 308 1470 adeone
320 1405 431 1488 times,
447 1427 546 1488 quern
561 1417 594 1470 tu
612 1407 692 1472 facis
702 1408 774 1491 ipse
788 1409 996 1474 timendum?
1073 1455 1094 1489 x

74 1511 197 1575 classica
212 1514 268 1574 det
281 1513 386 1591 bello;
404 1533 518 1579 saevos
533 1523 567 1578 tu
580 1515 713 1604 neglige
732 1527 865 1584 cantus:

74 1614 156 1699 Signa
172 1615 272 1694 ferat3
290 1635 394 1679 cessa:
412 1617 547 1680 iamiam
559 1618 665 1682 civilis
680 1619 824 1702 Erinnys

74 1723 229 1805 Concidet,
241 1731 275 1786 et
284 1723 403 1786 Caesar
412 1743 574 1808 generum
589 1723 737 1807 privatus
750 1725 885 1788 amabit.

104 1829 297 1910 Nomades,
311 1837 445 1890 aeterno
460 1827 681 1909 complectens
691 1826 805 1890 omnia
818 1847 921 1912 nexu,

74 1936 229 2018 0rernm,
244 1933 404 2016 mixtique
414 1934 502 1998 salus
517 1931 694 1998 concordie
712 1933 845 2022 mundi,

73 2040 104 2102 Et
115 2061 201 2105 socer
212 2041 301 2106 orbis
315 2059 422 2102 amor:
445 2057 604 2124 magnum
622 2059 711 2102 nunc
725 2042 835 2103 secula
848 2039 959 2103 nostra'
974 2048 981 2066 ‘

73 2145 196 2209 Venturi
211 2145 387 2208 discrimen
400 2145 532 2206 habent.
548 2140 681 2220 Periere
696 2145 841 2232 latebrae
959 2167 1013 2232 192

74 2245 123 2312 Tot
139 2251 314 2313 scelerum:
336 2249 461 2332 populo
474 2239 571 2308 veiria
587 2255 634 2310 est
649 2257 762 2329 erepta
780 2248 935 2316 nocenti:

74 2358 227 2443 Agnovere
244 2376 330 2420 suos.
350 2358 414 2417 Pro
431 2353 568 2416 numine
588 2354 654 2416 fata
671 2351 802 2418 sinistro

74 2460 181 2548 Exigua
192 2460 308 2544 requie
319 2469 423 2522 tantas
435 2458 591 2546 augentia
609 2461 736 2522 clades!

74 2569 129 2632 Pax
142 2581 224 2654 erat,
248 2579 281 2632 et
296 2567 392 2631 miles
408 2567 520 2629 castris
540 2565 724 2652 permixtus
739 2564 887 2648 utrisque

76 2675 209 2740 Errabat:
226 2677 310 2738 duro
328 2675 505 2737 concordes
524 2673 645 2756 cespite
658 2691 787 2737 menses

75 2775 251 2859 Instituunt,
268 2787 302 2840 et
314 2775 477 2859 permixto
484 2774 648 2840 libamina
660 2779 798 2838 Baccho.

76 2879 227 2944 Graminei
242 2883 355 2944 luxere
369 2879 453 2944 focis
476 2878 656 2959 iunctoque
674 2875 779 2939 cubili

75 2984 206 3048 Extrahit
217 2985 385 3048 insomnes
395 2986 561 3047 bellorum
575 2981 688 3044 fabula
702 2988 835 3063 noctes,

76 3092 137 3175 Quo
146 3092 289 3178 primum
299 3090 446 3155 steterint
456 3109 589 3172 campo,
605 3109 671 3170 qua
682 3090 799 3150 lancea
813 3089 929 3151 dextra

76 3192 192 3259 Exierit.
210 3200 318 3279 Dum,
338 3213 423 3277 quae
435 3203 604 3282 gessemmt
619 3192 735 3274 fortia,
754 3191 895 3278 iactant,

76 3301 107 3362 Et
119 3305 194 3366 dum
208 3305 313 3366 multa
327 3313 463 3390 negant,
480 3303 571 3383 quod
585 3301 694 3364 solum
707 3300 773 3362 fota
784 3303 954 3382 petebant,

77 3405 121 3469 Fst
133 3409 257 3472 miseris
269 3419 426 3471 renovata
437 3407 517 3470 fides
520 3451 532 3490 ,
549 3417 647 3487 atque
664 3425 764 3467 omne
773 3403 923 3466 futurum

78 3511 172 3576 Crevit
181 3533 294 3576 amore
307 3513 407 3576 nefas.
425 3515 508 3572 Nam
520 3523 695 3594 postquam
709 3510 842 3571 foedera
854 3507 945 3590 pacis

79 3613 202 3700 Cognita
218 3613 361 3694 Petreio,
378 3631 493 3694 seque,
508 3623 540 3674 et
552 3631 611 3674 sua
627 3609 879 3678 traditavenum
938 3655 941 3664 .

80 3723 176 3786 Castra
186 3723 288 3806 videt,
303 3722 443 3786 famulas
457 3721 614 3787 scelerate
625 3723 669 3786 ed
681 3722 809 3806 proelia
822 3724 952 3789 dextras

1119 475 1130 514 t

80 3823 204 3972 Excitat,
218 3839 316 3910 atque
328 3829 438 3897 hostes
453 3828 550 3890 turbe
562 3825 698 3912 stipatus
712 3826 855 3972 ibuermes

28 3959 29 3975 t
152 3941 251 3981 uranus.
733 3953 742 3968 .
777 3921 787 3942 ’
