2788 4880
224 419 228 433 ·
300 394 504 460 LIBER
543 397 627 462 111.
668 421 700 463 v.
723 420 791 482 271.
986 395 1025 488 69

84 535 271 600 Colchorum
284 531 356 620 'qua
377 556 454 604 rura
473 552 560 605 secat
580 543 739 608 ditissima
757 545 887 612 thiss

84 643 149 725 Qua
167 645 285 706 Croeso
300 645 408 708 fatalis
428 649 546 729 Halys,
567 646 632 728 qua
653 649 775 714 vertice
796 653 909 735 lapsus

83 749 219 832 Rhipaeo
233 753 354 817 Tanais
373 754 494 818 diversi
513 757 648 820 nomina
666 759 784 822 mundi

82 854 228 938 inposuit
238 858 340 941 ripis,
359 861 519 942 Asiaeque
535 875 566 924 et
588 863 746 927 terminus
762 865 852 928 idem
924 875 928 884 '

82 959 235 1043 Europae,
253 964 382 1028 madiae
398 966 555 1031 dirimens
567 966 711 1030 confinia
727 979 851 1050 terrae,
954 989 959 1000 ·

82 1061 250 1146 Nunchuc,
264 1067 456 1158 nuncilluo,
469 1087 535 1148 qua
544 1068 700 1150 flectitur,
710 1071 845 1152 ampliat
856 1073 982 1134 orbem.

83 1169 207 1252 Quaque
218 1173 338 1235 fretum
356 1183 482 1239 torrens
494 1175 673 1240 Maeotidas
689 1179 792 1266 egerit
807 1181 912 1242 undas

83 1270 208 1356 Pontus,
224 1286 258 1338 et
274 1277 445 1340 Herculeis
459 1279 606 1342 aufertur
623 1281 731 1366 gloria
748 1282 862 1364 metis,

85 1375 305 1462 Oceanumque
322 1393 445 1467 negant
461 1385 546 1447 solas
565 1386 737 1450 admittere
749 1387 866 1452 Gades.

83 1481 157 1546 Hine
170 1487 368 1550 Essedoniae
382 1499 511 1574 gentes,
530 1511 677 1572 auroque
696 1493 813 1580 ligatas

81 1587 311 1676 Subutringem,
321 1592 507 1676 Arimaspe,
525 1613 651 1659 eomas:
667 1595 745 1658 hino
759 1594 853 1660 fortis
867 1595 982 1678 Arius,
1023 1671 1037 1696 ι

82 1696 247 1785 uagique
261 1681 574 1765 sarmaousorvens
588 1701 713 1766 ieiuna
728 1701 812 1764 suu

81 1803 262 1890 Massagetes
275 1828 342 1887 quo
351 1808 443 1895 fugit
456 1823 557 1890 equo,
571 1806 787 1888 ioluoresque
803 1807 934 1872 Geloni.

81 1907 157 1990 Non,
172 1931 247 1972 oum
260 1910 457 1976 Memnoniis
474 1911 641 1972 deducens
655 1908 790 1996 agmina
801 1906 912 1996 regnis

81 2009 190 2095 Cyrus,
209 2010 366 2078 eteffusis
381 2023 554 2077 numerato
572 2012 677 2076 milite
696 2011 770 2076 telis
854 2029 858 2034 '
961 2017 1002 2044 ·'

14 2165 15 2180 r
80 2115 240 2182 Descendit
255 2103 386 2203 Perses,
405 2117 606 2200 fraternique
624 2120 713 2182 ultor
725 2117 858 2198 amoris«
965 2113 1024 2182 286

13 2261 14 2284 r
81 2221 219 2302 Aequora
237 2245 313 2287 cum
334 2224 431 2288 tantis
447 2223 606 2310 percussit
623 2223 799 2306 classibus,
813 2243 919 2286 unum

13 2387 14 2394 χ
81 2321 134 2386 Tot
152 2348 243 2412 reges
260 2323 406 2393 habuere
420 2332 547 2393 ducem.
571 2329 688 2392 Coiere
703 2351 928 2411 necunquam

81 2424 151 2489 Tam
168 2431 278 2494 variae
296 2435 385 2495 cultu
397 2443 526 2518 gentes,
542 2441 609 2496 tam
622 2434 860 2519 dissonavulgi
954 2465 956 2472 v
1005 2447 1007 2454 ’

81 2536 156 2600 Ora:
175 2549 221 2602 tot
233 2541 413 2606 immensae
430 2531 565 2606 comites
583 2541 727 2604 mixtura
745 2539 864 2603 ruinae

12 2665 13 2668 ¹
80 2637 196 2704 Excivit
210 2645 367 2725 populos,
380 2655 413 2708 et
430 2645 546 2731 dignas
561 2645 678 2708 funere
693 2645 807 2733 Magni
922 2677 926 2686 ·

12 2813 13 2826 χ
80 2739 242 2823 Exsequias
254 2747 398 2807 Fortuna
412 2746 513 2807 dedit.
533 2747 608 2808 Non
623 2745 775 2831 corniger
787 2748 956 2808 Hammon
1014 2783 1016 2788 ·

79 2849 197 2914 Mittere
212 2852 425 2915 Marmaricas
446 2853 582 2914 cessavit
598 2851 633 2914 in
649 2859 919 2912 armacatervas:
1005 2871 1009 2880 “

80 2956 239 3039 Quidquid
252 2963 294 3024 ab
304 2957 448 3022 occiduis
466 2957 572 3039 Libye
586 2964 675 3039 patet
691 2955 785 3016 arida
798 2954 942 3036 Mauris,

79 3059 178 3141 Usque
195 3063 411 3126 Paraetonias
424 3064 491 3126 an
501 3065 551 3124 'ad
567 3061 664 3124 litora
680 3062 805 3143 Syrtes,

79 3165 237 3248 Acciperet
251 3167 331 3229 felix
349 3187 392 3228 ne
403 3185 472 3228 non
488 3167 590 3228 semel
606 3165 720 3226 omnia
733 3166 866 3247 Caesar,

78 3269 277 3336 Vincendum
290 3273 415 3355 pariter
426 3269 596 3333 Pharsalia
608 3267 777 3353 'praestitit
791 3273 916 3334 orbem.

110 3379 167 3442 Ille
184 3380 243 3444 ubi
260 3378 613 3464 deseruit'trepidantis
629 3379 761 3441 moenia
777 3381 921 3459 Romae,

79 3471 208 3568 Agmine
228 3485 415 3574 nubiferam
434 3473 530 3568 rapto
543 3488 751 3568 superevolat
764 3487 890 3567 Alpem.

79 3594 217 3676 Cumque
230 3596 289 3662 alii
303 3595 411 3659 famae
422 3597 547 3678 populi'
561 3597 684 3660 terrore
694 3586 886 3681 ‘paverentj

12 3725 14 3732 v
80 3697 206 3763 Phocais
219 3699 255 3763 in
271 3701 381 3764 dubiis
395 3719 474 3764 ausa
491 3711 539 3764 est
552 3721 682 3767 servare
694 3703 849 3773 iuventus

79 3797 143 3866 Non
155 3805 256 3868 Graia
268 3805 400 3872 levitate
416 3804 534 3891 fidem,
555 3807 747 3896 signataque
763 3809 853 3890 iura,
