2788 4880
328 367 534 432 LIBER
574 367 659 429 Ill.
699 387 732 429 v.
754 367 823 430 655.
1012 389 1049 450 71

101 513 239 605 Discessit
254 513 405 577 medium
423 523 491 577 tam
508 521 617 578 vastos
634 520 748 596 pectus
763 511 921 578 adiutus:

11 643 12 646 ¹
103 625 158 686 Nec
168 622 344 705 prohibere
357 622 470 683 valent
484 619 615 682 obtritis
629 605 757 702 ‹issibus
772 629 879 702 artus,

11 717 13 758 l
103 729 165 810 Quo
176 727 284 791 minus
297 745 376 789 aera
390 734 519 788 sonent.
539 725 633 788 Eliso·
641 735 773 806 ventre,
790 747 851 809 per
868 747 929 790 ora

104 832 210 894 Eiectat
223 831 349 896 saniem
363 829 545 914 permixtus
564 829 691 893 viscere
702 829 847 917 sanguis.

104 944 263 1022 Postquam
273 941 428 1004 inhibent
442 939 542 1003 remis
555 959 697 1022 puppes,
710 959 748 1001 ao
761 951 866 1003 rostra
876 941 1050 1022 reducunt,

103 1045 256 1110 Deiectum
273 1045 309 1106 in
322 1045 478 1129 pelagus,
492 1043 641 1126 perfosso
655 1051 805 1124 pectore,
829 1060 948 1124 corpus

103 1150 289 1212 Vulneribus
304 1147 485 1232 transmisit
505 1167 617 1228 aquas.
636 1151 715 1209 Pars
725 1145 870 1208 maxima
884 1149 1001 1210 turbae

105 1245 271 1342 Naufraga,
291 1253 539 1318 iactarismorti
562 1255 728 1316 obluctata
748 1249 898 1358 lacertis,
925 1301 926 1308 ,

105 1359 211 1441 Puppis
224 1361 267 1421 ad
287 1359 450 1422 auxilium
463 1358 572 1421 sociae
591 1355 777 1420 concurrit:
797 1355 896 1417 atilli

104 1467 220 1528 llobora
233 1489 311 1529 cum
320 1466 429 1530 vetitis
443 1475 639 1550 prensarent
652 1465 755 1528 artius
770 1463 879 1548 ulnis,
919 1479 921 1486 ’

104 1569 289 1650 Nutaretque
304 1569 402 1651 ratis,
419 1571 546 1653 populo
560 1569 708 1652 peritura
724 1579 876 1657 recepto,

30 1695 34 1704 ·
105 1676 196 1759 Impia
208 1679 305 1740 turba
322 1695 423 1764 semer
436 1679 563 1740 medios
580 1677 654 1740 ferit
674 1699 751 1742 ense
766 1681 924 1740 lacertos:

104 1784 226 1846 Brachia
238 1783 543 1865 linquentes‘Graia
554 1786 736 1868 pendentia
750 1785 872 1868 puppi,

103 1890 126 1950 A
140 1889 287 1952 manibus
304 1891 452 1954 cecidere
469 1889 552 1954 suis:
566 1899 635 1952 non
652 1891 795 1973 amplius
812 1891 934 1980 undae·

103 1995 276 2088 Sustinuere
290 2019 407 2084 graves
421 1998 458 2060 in
472 2017 603 2062 summo
614 1998 747 2086 gurgite
764 2010 907 2062 truncos.

102 2099 226 2180 Iatuq'ue
246 2101 344 2166 omni
356 2102 438 2165 fusis
459 2105 585 2166 nudato
598 2103 705 2166 milite
722 2103 819 2186 telis,
994 2105 1055 2184 670

101 2202 221 2266 Invenit
230 2225 324 2268 arma
341 2206 453 2268 furor:
465 2227 597 2276 remum
615 2206 773 2270 contorsit
791 2187 828 2268 in
844 2208 974 2274 hostem

101 2307 199 2386 Alter,
218 2319 252 2371 at
268 2310 328 2372 hic
341 2321 466 2381 tortum
480 2311 600 2394 validis
614 2315 761 2396 aplustre
773 2311 917 2395 lacertis,

101 2416 292 2497 Avulsasque
307 2427 418 2480 rotant
432 2437 567 2482 excusso
585 2420 713 2507 remige
728 2423 832 2484 sedes.

11 2547 16 2560 ·
99 2525 135 2586 In
151 2547 295 2613 pugnam
311 2526 442 2612 fregere
458 2537 555 2591 rates.
577 2527 726 2592 Sidentia
740 2538 873 2610 pessunt

100 2633 237 2719 Corpora
250 2651 344 2696 caesa
356 2616 485 2717 tenent,
501 2635 714 2718 spoliantque
726 2637 887 2697 cadavera
897 2635 998 2701 ferro.

98 2737 188 2798 Multi
203 2737 322 2821 inopes
339 2741 414 2828 teli,
427 2741 574 2804 iaculum
592 2744 690 2806 letale
703 2745 874 2806 revulsum
894 2769 895 2774 ¹

99 2844 294 2912 Vulneribus
308 2855 435 2912 traxere
447 2851 532 2932 suis,
554 2861 587 2913 et
604 2851 730 2915 viscera
745 2854 844 2914 laeva

99 2951 292 3035 Oppressere
304 2975 424 3038 manu,
443 2956 571 3020 validos
586 2959 668 3040 dum
679 2959 837 3040 praebeat
853 2953 939 3016 ictus
1035 2983 1040 2990 ·

11 3111 12 3116 η
96 3063 245 3150 Sanguis,
258 3073 307 3147 et,
322 3065 477 3128 hostilem
493 3085 568 3128 curn
582 3065 726 3146 torserit,
739 3073 847 3145 exeat,
863 3065 1003 3128 has‘tanu

132 3168 229 3230 Nulla
240 3177 351 3230 tamen
361 3170 548 3250 plureshoc
563 3168 668 3230 edidit
679 3189 823 3248 aequore
842 3167 965 3248 clades,
1071 3175 1077 3188 ¹

97 3275 201 3358 Quam
217 3275 337 3362 pelago
348 3274 479 3339 diversa
491 3276 573 3338 lues.
596 3277 680 3337 Nam
692 3273 873 3360 pinguibus
884 3271 973 3359 ignis

96 3379 228 3444 Adfixus
246 3382 362 3463 taedis,
378 3392 410 3444 et
427 3392 512 3447 tecto
525 3381 654 3444 sulfure
676 3380 775 3442 vivax

95 3483 263 3571 Spargitur
275 3507 282 3546 :
292 3490 334 3546 'at
347 3484 460 3548 faciles
478 3485 638 3566 praehere
652 3482 812 3545 alimenta
828 3476 960 3542 carinae

96 3587 188 3650 Nunc
206 3585 298 3670 pice,
318 3609 408 3654 nunc
420 3587 551 3668 liquida
561 3605 702 3670 rapuere
720 3583 876 3647 incendia
890 3601 977 3645 cera.

95 3689 337 3755 Neollammarn
348 3703 505 3776 superant
516 3694 643 3754 undeet
662 3691 849 3774 sparsisque
858 3711 919 3773 per
935 3705 1061 3771 aequor
1138 3727 1142 3730 -

95 3791 164 3859 Iam
177 3799 321 3884 ratibus,
337 3802 522 3888 fragmenta
531 3802 621 3864 larus
633 3799 699 3864 sibi
709 3799 857 3865 vindicat
873 3795 968 3885 ignis·
1004 3857 1006 3863 ,
