2788 4880
239 385 803 471 *mnenrmasq
1005 389 1044 468 ⁸7
1156 460 1160 464 ,

14 611 16 618 y
94 509 173 602 lira
191 556 260 600 non
273 555 389 620 passus
404 535 519 600 vacuis
534 531 718 600 discumre
732 532 843 616 venia,

92 643 229 728 Artanit,
249 644 432 727 clausitque
450 643 615 710 animam:
631 663 693 706 nec
713 640 842 704 fervida
857 637 958 724 pestis

14 741 15 748 ἵ
94 751 182 814 Cedit
190 753 314 832 adbuc3
328 753 386 814 sed
396 753 530 816 morbus
540 769 639 837 egens
652 749 720 812 iam
736 746 882 834 gurgite,
896 743 1004 829 plen'u

93 859 274 926 Visceribus
286 857 350 922 sibi
357 858 463 941 poscit
479 875 591 938 aquas.
603 859 683 920 Mox
694 859 814 920 robora
829 854 956 936 nervis,

93 965 130 1026 Et
141 963 224 1027 vires
238 962 366 1026 redicre
380 960 472 1025 viris.
490 961 520 1023 Ο
538 958 681 1045 prodiga
697 979 809 1022 rerum

93 1065 263 1129 Luxuries!
280 1083 453 1145 nunquam
471 1059 576 1146 parvo
594 1073 747 1126 contenta
764 1071 909 1146 paratu,

93 1171 131 1231 Et
145 1167 365 1250 quaesitorum
378 1169 661 1254 terrapelagoque
673 1165 824 1230 ciborum

93 1272 266 1338 Ambitiosa
282 1273 399 1355 fames,
415 1281 447 1336 et
465 1273 575 1336 lautae
589 1271 696 1358 gloria
713 1289 863 1353 mensae,

92 1378 222 1461 Discite,
239 1397 340 1460 quam
355 1391 460 1462 purvo
471 1377 567 1443 liceat
582 1379 767 1461 producere
785 1375 904 1459 vitam,

90 1485 129 1557 lit
142 1491 300 1564 quantum
315 1493 433 1546 natura
448 1491 548 1565 petat.
567 1484 641 1544 Non
656 1481 752 1567 erigit
767 1499 886 1568 aegros

92 1589 210 1653 Nobilis
222 1589 338 1675 ignoto
357 1585 496 1654 diffusus
515 1590 650 1682 cpnsule
668 1589 833 1651 Bacchuss

93 1692 269 1775 Nonauro,
284 1695 488 1774 murrhaque
498 1685 637 1756 bibunt:
656 1692 716 1754 sed
731 1689 863 1778 gurgite
878 1709 964 1774 puro

93 1797 163 1860 Vita
175 1797 270 1860 redit.
285 1795 367 1860 Satis
382 1807 431 1860 est
444 1796 578 1880 populis
595 1794 781 1876 fluviusque
798 1797 970 1876 Ceresque.

91 1897 159 1960 ileu
169 1898 298 1963 miseri!
313 1899 372 1980 qui
386 1901 474 1962 belle
486 1907 617 1984 gerunt.
636 1900 732 1960 Tunc
746 1915 839 1960 arma
851 1895 1044 1980 relinquens

91 1992 209 2070 Victori
223 2005 336 2088 miles,
352 1987 502 2088 spoliato
515 2014 648 2087 pectore
664 2013 770 2086 tutus,

55 2167 60 2176 .
90 2109 315 2192 Innocuusque
329 2129 419 2192 suas,
434 2127 589 2174 curarum
604 2109 706 2190 liber,
725 2108 761 2170 in
783 2109 909 2173 urbes,
985 2097 1044 2190 2qu

93 2217 265 2304 Spargitur.
287 2219 318 2282 Ο
335 2227 497 2299 quantum
515 2219 636 2280 donata
657 2237 738 2300 pace
754 2216 877 2300 potitos
1027 2215 1032 2222 ’

91 2320 234 2386 Excussis
247 2341 395 2402 unquam
413 2321 541 2384 ferrum
560 2318 708 2383 vibresse
721 2317 852 2382 lacertis

91 2423 265 2507 Poenituit,
283 2425 437 2488 tolerasse
457 2422 562 2504 sitim,
578 2423 767 2503 frustraque
779 2441 911 2510 rogasse

91 2527 244 2612 Prospera
260 2517 349 2595 bella
366 2531 463 2592 Deos.
483 2530 609 2610 Nempe
629 2525 696 2588 usis
713 2527 820 2587 Marte
838 2527 988 2588 oecundo

92 2634 149 2696 Tot
164 2631 286 2696 dubiae
302 2641 424 2696 restant
440 2630 544 2714 acies,
568 2639 616 2692 tot
631 2629 668 2693 in
685 2631 766 2691 orbe
780 2630 940 2692 laboresa
1027 2687 1030 2694 .

91 2737 130 2800 Ut
144 2757 317 2819 nunquam
329 2737 463 2800 fortuna
479 2736 568 2799 labet
587 2733 790 2797 successibus
807 2753 945 2814 anceps,
1030 2747 1033 2754 ·

92 2841 291 2906 Vincendcm
304 2842 418 2906 toties:
437 2853 538 2908 terras
555 2841 743 2902 fundendus
757 2838 793 2899 in
808 2829 926 2899 omnes

92 2947 140 3012 list
158 2967 274 3044 cruor,
289 2957 322 3011 et
341 2951 461 3011 Caesar
475 2967 537 3030 per
554 2953 602 3007 tot
621 2963 682 3007 sua
700 2944 768 3006 fata
787 2943 984 3022 sequendus.

92 3055 190 3139 Felix,
209 3055 269 3138 qui
288 3056 411 3140 potuit,
430 3054 548 3118 mundi
568 3062 705 3142 nutante
726 3050 841 3134 ruina,

93 3163 161 3244 Quo
172 3161 296 3244 iaceat,
315 3162 382 3226 iam
401 3161 502 3244 scire,
517 3161 605 3226 loeo.
624 3163 698 3222 Non
719 3160 847 3243 proelia
864 3160 964 3224 fessos

93 3267 161 3330 Ulla
175 3279 310 3350 vocant,
332 3278 436 3333 certos
453 3289 522 3332 non
535 3275 695 3350 rumpunt
711 3264 844 3329 classice
862 3284 1005 3332 somnos.

62 3428 69 3442 .
91 3369 155 3434 lam
176 3375 318 3458 coniux,
337 3373 471 3454 natique
490 3375 605 3454 rudes,
628 3381 660 3436 et
678 3365 811 3435 sordida
831 3380 933 3454 tecta,

91 3473 127 3536 Et
139 3495 208 3538 non
229 3477 385 3538 deductos
402 3475 519 3558 recipit
537 3495 596 3538 sue
610 3484 697 3538 terra
718 3474 863 3536 colonos.

92 3578 160 3644 Hoc
174 3601 314 3662 quoque¹
326 3581 448 3645 securis
468 3581 578 3644 oneris
595 3582 727 3642 fortune
742 3579 884 3664 remisit,

93 3679 253 3746 Sollicitus
271 3685 375 3746 menti
393 3685 483 3764 quod
503 3686 595 3746 abest
616 3679 728 3745 livor:
749 3682 807 3746 ille
823 3683 938 3750 solutis

93 3785 144 3849 list
156 3798 291 3871 auctor,
309 3791 377 3854 dux
392 3790 450 3856 illc
472 3790 543 3854 fuit.
565 3791 618 3854 Sic
633 3777 772 3876 ‘proelias
781 3791 845 3856 soli
958 3787 960 3792 ’
