2824 4880
356 373 416 440 270
695 351 974 416 GARMEN
1179 373 1284 438 turp.

353 485 393 550 Et
408 485 500 570 prius
513 479 680 546 aetheriae
700 485 804 546 moles
817 483 1027 572 circumvaga
1042 485 1198 550 flammae

351 591 475 658 Annua
489 591 541 656 bis
555 589 642 655 senis
656 591 825 654 revocabit
839 589 1009 656 mensibus
1027 602 1131 674 astra,

351 703 462 786 Quam
475 700 559 762 mihi
572 685 759 784 priscorurn
774 699 902 784 titulos,
918 703 1125 784 operosaque
1142 701 1233 766 bella

353 807 536 894 Contigerit
550 827 754 872 memorare:
771 827 890 870 manus
905 809 963 871 sed
981 807 1102 872 bellica
1117 822 1252 892 patrum

351 914 598 995 Armorumque
613 915 722 995 labor,
735 922 861 977 veteres
874 915 1016 976 docuere
1032 915 1192 998 Quirites,

351 1023 461 1102 Atque
476 1021 552 1084 illos
567 1021 717 1084 cecinere
735 1019 787 1086 sui
805 1041 866 1104 per
880 1020 1029 1082 carmina
1042 1031 1145 1082 vates.

351 1125 418 1188 Noe
433 1145 566 1206 quoque
579 1135 695 1209 pacata
709 1125 863 1186 Pisonem
879 1123 980 1194 laude
996 1123 1172 1204 nitentem,

351 1230 581 1313 Exaequamus
597 1231 678 1294 avis.
697 1233 824 1293 Tamen
841 1228 902 1292 etsi
914 1230 1003 1290 bella
1021 1227 1196 1312 quierunt,

350 1339 426 1403 Non
439 1339 538 1423 periit
553 1339 676 1404 virtus:
694 1337 772 1401 licet
790 1357 943 1398 exercere
962 1345 1093 1422 togatae

349 1447 493 1508 Munera
509 1443 666 1507 militiae:
686 1443 765 1505 licet
779 1453 811 1504 et
827 1442 898 1504 siue
913 1439 1084 1526 sanguinis
1097 1441 1219 1503 haustu

350 1549 447 1616 Mitia
466 1551 617 1638 legitimo
635 1552 697 1614 sub
710 1549 818 1613 iudice
828 1550 917 1610 bella
932 1568 1078 1610 movere.

349 1656 439 1720 Hinc
452 1675 585 1736 quoque
599 1653 720 1716 servati
734 1651 896 1740 contingit
914 1651 1023 1738 gloria
1039 1649 1135 1732 civis,

350 1767 492 1846 Altaque
504 1764 652 1826 victrices
667 1763 820 1826 intexunt
840 1761 958 1824 limina
972 1761 1115 1843 palmae.

350 1867 441 1952 Quin
456 1887 517 1954 age
530 1865 713 1948 maiorum,
729 1863 858 1928 iuvenis
875 1863 1036 1942 facunde,
1051 1869 1184 1922 tuorum

350 1977 478 2040 &ande
493 1995 592 2058 super
611 1973 740 2055 titulos,
755 1981 787 2036 et
803 1971 910 2036 avitae
924 1968 1033 2032 laudis
1051 1972 1207 2050 honores,

349 2083 595 2169 Atmoruruque
611 2081 711 2146 decus
727 2079 888 2162 praecede
906 2075 1092 2138 forensibus
1105 2074 1194 2138 actis.
1278 2077 1315 2150 34

350 2183 404 2248 Sic
420 2183 519 2248 etiam
537 2199 661 2268 magno
675 2181 744 2242 iem
764 2190 841 2245 tuuc
856 2178 1016 2242 Cicerone
1032 2175 1164 2263 vigente

348 2289 479 2352 laurea
495 2265 646 2350 facundis
666 2294 831 2352 cesserunt
847 2305 940 2346 erma
957 2284 1085 2371 togatis.

349 2393 510 2476 Quaeque
526 2398 660 2472 patrum
676 2391 783 2452 claros
799 2391 968 2470 quondam
985 2387 1093 2450 visura
1108 2387 1295 2471 triumphos

350 2495 444 2560 Olim
462 2497 558 2558 turba
575 2493 646 2558 vias
658 2493 854 2578 impleverat
870 2492 1135 2582 agminedenso,

348 2601 461 2663 Ardua
477 2619 567 2662 nunc
584 2599 701 2682 eadem
717 2599 817 2682 stipat
832 2601 919 2680 fora,
934 2619 1010 2660 cum
1027 2607 1084 2660 tua
1102 2605 1246 2662 moestos

348 2709 532 2772 Defensura
545 2727 618 2770 reos
628 2725 744 2768 uocem
758 2697 913 2768 facundia
927 2703 1045 2766 mittit:
1150 2709 1152 2712 ’

334 2815 412 2908 ,Seu
432 2813 577 2900 trepidos
595 2813 639 2874 ad
654 2809 729 2874 iura
747 2813 860 2874 decern
879 2811 957 2874 citet
976 2813 1070 2874 hasta
1082 2811 1250 2892 virorum,

348 2921 390 2983 Et
402 2917 536 2982 firmare
548 2917 640 2993 iubet
654 2927 793 2988 centeno
810 2915 920 2979 iudice
937 2937 1069 2980 causas:

351 3029 414 3089 Seu
433 3023 573 3106 capitale
588 3021 680 3084 nefas
694 3040 832 3103 operose
849 3021 948 3082 diluis
963 3031 1049 3103 arte,
1135 3007 1140 3016 ’

349 3129 519 3190 laudibus
528 3127 598 3209 ipsa
610 3125 674 3188 tuis
684 3136 838 3188 resonant
850 3125 933 3188 fora.
944 3127 994 3194 Tu
1006 3145 1152 3208 quoque,
1166 3125 1256 3208 Piso,

349 3233 471 3300 Iudicis
485 3235 665 3314 adfectum,
680 3251 893 3316 possessaque
906 3241 1041 3316 pectora
1056 3233 1148 3295 ducis

349 3337 480 3419 Victor,
491 3345 608 3419 sponte
620 3355 680 3398 sua
692 3335 842 3416 sequitur
859 3355 1059 3416 quocunque
1068 3334 1211 3398 vocasti:

349 3447 435 3528 Flet,
449 3445 477 3509 si
491 3447 569 3507 flere
585 3442 697 3512 iubes:
714 3443 838 3527 gaudet
852 3444 996 3528 gaudere
1015 3453 1164 3505 coactus:
1297 3421 1301 3428 ¹

348 3551 389 3612 Et
403 3558 434 3610 te
447 3549 545 3616 dante
558 3545 646 3628 capit
659 3545 771 3626 iudex,
786 3567 887 3626 quam
903 3567 971 3610 non
986 3549 1098 3630 habet,
1110 3546 1208 3626 irem.

348 3649 401 3712 Sic
418 3647 532 3733 auriga
545 3651 628 3712 solet
645 3649 806 3712 ferventia
816 3652 989 3715 Thessalus
1003 3658 1073 3714 ora'

348 3757 529 3824 Mobilibus
543 3759 644 3823 frenis
658 3759 695 3824 in
711 3769 825 3844 aperto
842 3761 972 3824 flectere
990 3780 1126 3848 campo,
