2788 4880
332 371 536 466 iussn
574 371 650 434 111.
689 375 811 450 uqa.
1008 372 1047 436 ss
1128 409 1132 418 ·

5 515 7 540 ¹
103 517 225 584 Oblitus
240 517 399 584 simulare
417 527 539 607 togam.
559 519 645 582 Tum
661 517 755 582 cotta
769 516 939 584 Metellum

100 623 261 706 Compulit
279 618 399 688 audaci
415 622 557 688 nimium
568 621 722 688 desistere
739 616 866 705 coepto.

5 809 7 818 Ι
100 728 259 811 Libertas,
276 729 400 811 inquit,
411 729 547 812 populi,
563 747 662 810 quem
675 748 778 814 regna
798 733 967 812 coercent,

5 915 7 924 A
100 831 258 896 Libertate
272 831 372 914 perit3
383 905 385 908 .
396 830 488 902 euius
502 831 683 896 servaveris
701 833 868 914 umbram,

101 935 320 1019 Si,·quidquid
336 917 485 1019 iubeam,
498 937 591 1002 velis.
615 939 678 1000 Tot
693 940 793 1002 rebus
804 939 930 1020 iniquis

5 1103 7 1112 .
101 1040 267 1106 Paruimus
280 1040 377 1103 vieti:
393 1041 493 1104 venia
509 1051 558 1106 est
572 1044 655 1106 haee
672 1045 743 1106 sola
758 1045 910 1128 pudoris,

102 1146 342 1235 Degenerisque
356 1156 476 1228 metus,
492 1145 542 1208 nil
555 1146 623 1210 iam
636 1147 784 1230 potuisse
794 1149 922 1236 negari.

105 1255 201 1319 Ocius
212 1263 359 1318 avertant
375 1252 441 1316 diri
455 1255 544 1316 mala
561 1255 689 1318 semina
704 1257 796 1320 beili.

103 1367 226 1426 Damna
237 1371 373 1425 movent
385 1362 543 1445 populos,
554 1361 583 1424 si
596 1381 679 1444 quos
697 1383 758 1426 sua
775 1364 848 1428 iura
868 1371 1010 1428 tuentur.
1052 1377 1055 1385 '

102 1473 174 1532 Non
185 1469 262 1552 sibi,
275 1470 334 1532 sed
344 1467 484 1532 domino
497 1467 607 1554 gravis
618 1479 677 1552 est,
690 1489 775 1550 quae
788 1469 903 1554 servit,
917 1481 1050 1556 egestas·

101 1577 248 1640 Protinus
263 1578 407 1638 abducto
424 1587 601 1660 patuerunt
620 1580 742 1662 templa
757 1580 901 1644 Metello.

102 1681 449 1764 TuncrupeaTarpeia
461 1691 572 1762 sonat,
592 1693 780 1769 magnoque
798 1685 942 1748 reclusas

101 1791 245 1871 Testatur
256 1786 396 1850 stridore
411 1787 514 1852 fores:
534 1798 612 1851 tuuc
626 1789 776 1852 eonditus
789 1789 858 1852 imo

102 1889 231 1954 Eruitur
244 1891 383 1972 templo,
397 1891 509 1964 multis
521 1891 663 1956 intectus
676 1895 722 1954 ab
735 1892 849 1974 mnis,

101 1993 242 2056 Romani
260 2013 375 2058 census
391 1993 530 2076 populi,
544 2013 643 2074 quem
662 1993 787 2056 Punica
805 1993 916 2075 bella,
996 1994 1052 2072 157

101 2101 207 2182 Quem
219 2089 353 2166 dederat
365 2099 492 2178 Perses,
510 2097 610 2176 quem
622 2095 702 2159 vieti
718 2096 841 2178 praeda
857 2093 1023 2176 Philippi:

103 2209 199 2292 Quod
214 2207 289 2288 tihi,
303 2209 428 2287 Roma,
437 2206 520 2292 fuga·
534 2209 680 2288 Pyrrhus
698 2204 882 2288 trepidante
900 2201 1054 2285 reliquit,

103 2314 223 2395 Quo‘te
234 2310 405 2374 'Fabricius
417 2310 490 2395 regi
503 2329 573 2372 non
590 2305 740 2372 vendidit
758 2326 860 2388 auro,
884 2341 885 2346 κ

104 2414 272 2498 Quidquid
281 2431 458 2496 parcorum
471 2433 580 2478 mores
595 2412 747 2478 servastis
765 2429 922 2492 avorum,

103 2527 201 2608 Quod
211 2525 293 2588 dites
307 2521 402 2587 Asiae
415 2522 533 2606 populi
547 2523 669 2586 misere
681 2521 862 2600 tributum,

103 2629 296 2710 Victorique
304 2629 395 2692 dedit
405 2627 530 2690 Minoia
544 2629 641 2690 Creta
657 2627 808 2707 Metello,

102 2735 200 2818 Quod
208 2737 290 2804 Cato
301 2729 485 2820 longinqua
498 2732 586 2812 vexit
597 2751 696 2814 super
713 2749 857 2812 aequora
870 2729 997 2810 Cypro·

101 2838 195 2900 Turro
208 2836 353 2900 Orientis
364 2857 459 2919 opes,
470 2847 707 2918 oeptorumque
724 2834 842 2896 ultima
853 2851 970 2916 regum
1053 2868 1057 2874 -

101 2945 195 3026 Quae
207 2939 413 3022 Pompeianis
425 2941 573 3022 praelata
586 2949 633 3001 est
646 2955 725 3022 genu
744 2935 922 3016 triumphis

16 3072 21 3080 ·
100 3044 270 3133 Egeritur:
283 3043 366 3108 tristi
383 3041 569 3125 spoliantur
589 3039 711 3122 templu
727 3035 863 3118 rapina3

100 3151 348 3234 Pauperiorque
363 3149 427 3212 fuit
442 3159 520 3211 tunc
533 3145 681 3230 primum
697 3146 838 3206 Caesare
848 3142 965 3202 Roma.

124 3257 272 3318 'Interea
285 3265 391 3317 totum
407 3251 522 3338 Magni
538 3251 670 3314 formna
686 3269 747 3334 per
762 3248 878 3312 orbern

102 3369 222 3431 Secum
235 3381 364 3426 casuras
379 3361 415 3421 iu
434 3357 562 3442 proelia
575 3365 722 3420 moverat
736 3357 844 3416 urbes.

100 3468 260 3532 Proxima
274 3465 387 3530 rieino
398 3465 454 3524 dat
467 3461 553 3524 vires
572 3457 710 3522 Graecia
731 3457 831 3518 bello.
1060 3502 1064 3510 f

5 3637 6 3652 q
101 3570 280 3636 Phocaicas
294 3567 467 3662 Amphissa
480 3581 614 3641 manus,
632 3561 873 3642 scopulosaque
885 3559 1028 3641 cyrrha,
1173 3599 1177 3606 .

5 3703 6 3708 ¹
101 3682 333 3755 Parnasusque
350 3673 432 3758 iugo
445 3671 532 3750 misit
549 3671 694 3732 desertus
708 3677 858 3746 utroque.

5 3771 7 3790 ’
103 3785 221 3852 Boeoti
238 3784 346 3850 coiere
359 3785 458 3847 duces
465 3827 476 3866 ,
492 3799 577 3867 vquos
589 3777 732 3864 impiger
748 3774 852 3840 amhit
933 3773 986 3833 ‘.
