2852 4878
388 393 429 440 ro
650 367 1098 434 parastatae
1190 387 1315 434 mu.

386 520 548 603 Haereat,
565 528 624 584 aut
640 521 747 584 latum
760 523 905 586 subeant
922 523 1090 586 venabula
1104 511 1238 606 pectus,

385 627 451 690 Per
465 623 591 690 ferrum
607 624 692 690 tanti
709 641 846 690 securus
857 626 1007 690 vulneris
1023 627 1101 690 exit.

426 733 533 798 Fonte
546 731 635 796 cadit
649 731 800 813 modico,
812 730 992 816 parvisque
1007 729 1196 814 impellitur
1214 728 1315 794 undis¹

385 841 551 907 Puniceus
561 840 731 922 Rubicon,
746 861 822 904 cum
833 839 964 906 fervida
976 838 1113 904 canduit
1125 847 1249 921 aestas,

386 949 517 1030 Perque
533 949 617 1012 imas
630 947 734 1032 serpit
744 947 865 1028 valles,
875 955 910 1010 et
922 945 1051 1009 Gallim
1068 953 1183 1009 certus·

385 1047 498 1114 Limes
510 1053 553 1114 ab
565 1050 720 1116 Ausoniis
732 1051 940 1116 disterminat
954 1069 1036 1112 arva
1048 1049 1187 1114 colonis.

385 1155 580 1222 Nuncrires
592 1157 773 1241 praebebat
787 1154 912 1236 hiems,
932 1163 1032 1236 atque
1043 1161 1181 1220 auxerat
1196 1155 1305 1219 undas

386 1260 498 1324 Tertia
511 1261 581 1326 iam
599 1261 741 1350 gravido
757 1260 915 1344 pluvialis
932 1259 1080 1345 Cynthia
1093 1280 1219 1345 cornu,
1340 1257 1344 1268 ”

386 1373 429 1435 Et
444 1371 587 1438 madidis
602 1372 684 1434 Euri
700 1373 864 1434 resolutae
877 1370 1010 1436 flatibus
1024 1373 1135 1455 Alpes.

387 1483 520 1548 Primus
536 1483 573 1548 in
587 1481 764 1564 obliquum
774 1479 908 1564 sonipes
923 1479 1107 1564 opponitur
1123 1499 1258 1544 amnena
1263 1523 1276 1565 ‚

387 1589 594 1676 Excepturus
606 1605 725 1668 aquas,
745 1583 843 1649 molli
855 1587 938 1648 dum
957 1594 1067 1648 cetera
1086 1583 1215 1668 rumpit

387 1699 503 1761 Turba
521 1699 610 1760 rado
621 1695 719 1760 fracti
733 1693 847 1760 faciles
858 1693 928 1759 iam
940 1680 1087 1759 fluminis
1102 1695 1221 1758 undas.

389 1803 527 1884 Caesar,
541 1811 580 1866 ut
594 1803 767 1865 adversam
778 1809 936 1884 superato
953 1801 1086 1888 gurgite
1102 1789 1212 1883 ripam

387 1905 523 1992 Attigit,
536 1904 717 1990 Hesperiae
734 1903 844 1969 vetitis
861 1914 894 1968 et
909 1903 1057 1968 constitit
1073 1902 1181 1984 arvis,

387 2013 454 2078 Hic
461 2059 471 2096 ,
482 2013 542 2097 ait,
552 2013 608 2077 hie
619 2035 753 2098 pacem,
771 2021 996 2093 temerataque
1007 2011 1083 2074 iura
1096 2009 1270 2092 relinqu03

387 2123 450 2202 Te,
462 2123 768 2203 Portuua,sequor:
778 2118 984 2205 procullrinc
993 2118 1063 2181 iam
1073 2117 1208 2180 foedera
1215 2123 1324 2181 sunto.

389 2225 602 2290 Credidimus
615 2225 707 2308 fatis,
720 2228 884 2289 utendum
902 2233 950 2288 est
968 2222 1080 2285 iudice
1094 2223 1198 2285 bello.
1300 2239 1358 2304 227

390 2326 445 2390 Sic
462 2327 565 2410 fatus,
584 2329 692 2392 noctis
704 2327 848 2392 tenebris
862 2327 951 2412 rapit
960 2325 1098 2414 agmina
1111 2329 1231 2391 ductor

250 2451 255 2463 ·
389 2433 552 2520 Impiger,
564 2431 592 2498 it
609 2442 696 2498 torto
711 2433 856 2500 Balearis
873 2436 1014 2498 verbere
1032 2415 1157 2498 fundae
1243 2521 1246 2525 .
1349 2443 1351 2448 '

391 2531 509 2622 Ocior,
527 2547 560 2603 et
574 2538 674 2603 missa
686 2537 799 2602 Parthi
809 2548 885 2622 post
897 2547 991 2623 terga
1000 2535 1141 2622 sagitta;

391 2641 618 2724 Vicinumque
630 2641 746 2704 minax
764 2641 895 2705 invadit
908 2639 1117 2723 Ariminum,
1128 2637 1273 2726 utignes
1317 2654 1320 2662 '

391 2747 478 2812 Solis
495 2749 636 2812 lucifero
653 2749 828 2835 fugiebant
843 2758 930 2812 astra
947 2747 1074 2811 relicto.

390 2853 531 2933 Iamque
549 2852 620 2917 dies
636 2852 763 2936 primos
776 2850 859 2916 belli
876 2849 990 2913 visura
1006 2851 1167 2914 tumultus

390 2958 566 3022 Exoritur:
584 2979 643 3024 seu
657 2969 776 3042 sponte
794 2955 925 3039 Detrm,
938 2977 998 3020 seu
1013 2956 1166 3019 turbidus
1178 2957 1298 3022 Auster

391 3067 594 3151 mulctat,
615 3078 778 3132 moestam
794 3075 973 3130 tenuerunt
986 3064 1103 3128 nubila
1118 3065 1238 3128 lucem.

394 3170 551 3234 Constitit
560 3182 600 3236 ut
618 3181 717 3256 capto
733 3169 841 3236 iussus
856 3173 1025 3254 deponere
1041 3169 1139 3234 miles

394 3273 498 3360 Signa
513 3276 605 3358 loro,
617 3275 741 3340 stridor
757 3275 879 3340 liuram
894 3275 1099 3362 clangorque
1114 3276 1274 3340 tubarum

394 3385 471 3446 Non
486 3383 544 3467 pia
559 3383 732 3448 concinuit
747 3403 825 3445 curn
839 3401 942 3445 rauco
959 3381 1098 3446 classica
1110 3400 1228 3444 cornu.

393 3489 508 3570 Rupta
519 3487 613 3568 quies
623 3487 758 3572 populi,
773 3485 949 3568 stratisque
967 3484 1241 3564 excitaiupentu's

394 3595 549 3680 Deripuit
563 3597 665 3662 sacris
682 3595 792 3661 adfixa
808 3597 985 3682 penatibus
997 3615 1107 3679 mma,
1208 3639 1219 3646 -

395 3704 491 3786 Quae
507 3723 573 3785 pax
588 3704 690 3789 longa
705 3705 821 3767 dabat:
844 3705 935 3766 nuda
945 3703 1014 3765 iarn
1030 3715 1119 3766 crate
1128 3705 1271 3768 fluentes

395 3804 564 3867 Invadunt
577 3804 732 3889 clypeos,
751 3817 955 3888 curvataque
970 3805 1106 3890 cuspide
1121 3803 1210 3890 pila,
