2790 4874
370 375 427 442 162
625 373 1070 454 PHARSALIAE
1164 397 1286 466 u.177.

249 545 252 554 ¹
365 523 473 604 Inque
489 519 597 586 vicem
616 524 727 586 vultus
741 519 884 586 tenebris
899 519 1063 584 mirantur
1075 531 1229 608 opertos,

366 631 407 692 Et
418 631 544 713 pallere
557 628 660 710 diem,
674 627 843 716 galeisque
856 626 1051 692 incumbere
1060 637 1227 712 noctem,7
1356 618 1360 626 ⁴

366 737 611 818 Defunctosque
624 747 751 820 patres,
765 744 798 798 et
811 744 946 800 cunctas
957 733 1128 821 sauguinis
1141 738 1279 804 umbras

266 875 280 906 ι
365 847 451 910 Ante
461 845 575 908 oculos
583 841 723 906 volitare
736 861 824 907 suos.
840 843 905 906 Sed
919 843 1086 908 mentibus
1103 863 1212 907 unum

364 949 439 1014 Hoc
450 950 599 1014 solamen
615 956 698 1028 erat,
713 949 805 1028 quod
813 947 884 1011 soti
899 951 997 1012 turba
1011 948 1149 1014 nefandi
1202 972 1206 978 ·

364 1056 520 1139 Conscia,
529 1075 614 1137 quae
623 1065 757 1140 patrum
767 1055 913 1142 iugulos,
927 1077 1013 1138 quae
1022 1067 1157 1140 pectora
1165 1058 1301 1124 narrum

362 1161 538 1246 Sperabat,
548 1161 670 1246 gaudet
681 1159 852 1242 monstris,
865 1160 1050 1244 mentisque
1065 1165 1229 1246 tumultu,

363 1267 472 1348 Atque
483 1281 583 1326 omen
596 1265 756 1326 scelerum
771 1263 896 1330 subitos
904 1275 1001 1350 putat
1013 1287 1083 1330 esse
1098 1268 1239 1335 furores.

363 1367 455 1454 Quid
466 1365 609 1449 mirum,
619 1367 778 1450 populos,
788 1388 872 1449 quos
884 1371 943 1432 lux
958 1380 1103 1434 extrema
1113 1377 1267 1459 vocabat,

361 1469 552 1554 Lymphato
565 1468 744 1552 trepidasse
753 1480 855 1554 metu,
866 1491 1024 1560 praesaga
1037 1475 1206 1538 malorum

362 1574 397 1638 Si
407 1575 484 1637 data
493 1593 586 1636 meus
595 1565 726 1635 homini
736 1575 803 1638 est?
814 1575 926 1659 Tyriis
941 1577 1001 1658 qui
1009 1557 1157 1644 Gadibus
1166 1581 1282 1666 hospes

361 1673 512 1756 Adiacet,
524 1673 783 1756 Armeniumque
795 1675 880 1740 bibit
895 1677 1065 1743 Romanus
1073 1681 1228 1764 Araxem,

361 1782 429 1844 Sub
444 1799 642 1863 quocunque
657 1779 723 1862 die,
736 1801 937 1864 quocunque
951 1793 1000 1847 est
1010 1782 1118 1850 sidere
1129 1787 1263 1871 mundi,

255 1969 259 1976 ι
360 1889 502 1968 Moeret,
515 1895 549 1950 et
561 1885 693 1972 ignorat
709 1905 835 1968 causas,
852 1885 1066 1970 animumque
1080 1891 1245 1956 dolentem

360 1987 522 2074 Corripit,
533 1985 707 2070 Emathiis,
717 1986 799 2068 quid
811 1988 928 2070 perdat
939 1987 1086 2073 nescius,
1098 1990 1198 2056 arvis.

359 2096 533 2182 Euganeo,
549 2093 664 2158 sivern
675 2092 756 2156 fides
771 2093 1050 2176 memorantibus,
1066 2097 1178 2182 Augur
1256 2112 1309 2178 ¹9²

359 2203 453 2267 Colle
461 2201 592 2281 sedens,
601 2201 736 2282 Aponus
750 2199 845 2264 terris
856 2197 916 2263 ubi
929 2198 1067 2264 fumifer
1080 2199 1147 2264 exit
1154 2231 1166 2283 5

266 2326 272 2336 ·
357 2305 466 2384 Atque
475 2302 654 2366 Antenorei
669 2302 867 2390 dispergitur
877 2305 969 2368 unda
979 2304 1128 2388 Timavi,

357 2411 459 2482 Venit
472 2429 603 2475 summa
619 2409 704 2494 dies,
714 2410 841 2498 geritur
852 2431 905 2476 res
917 2410 1191 2506 maxima,diuit:

356 2518 465 2604 Impia
477 2527 679 2583 concurrunt
687 2517 838 2602 Pompeii
852 2529 884 2582 et
894 2519 1039 2586 Caesaris
1051 2502 1155 2584 mins.

271 2617 274 2624 ’
355 2625 421 2689 Seu
436 2622 594 2708 tonitrus,
608 2644 648 2689 ac
660 2626 726 2690 tela
737 2625 825 2691 Iovis
837 2647 996 2715 praesaga
1008 2627 1151 2707 notavit3

355 2735 443 2797 Adra
453 2751 511 2798 seu
526 2739 633 2796 totum
645 2732 791 2798 discordi
804 2733 961 2800 obsistere
974 2737 1087 2819 coelo,

355 2838 590 2924 Perspexitque
602 2840 712 2923 polos3
724 2861 782 2905 seu
793 2841 907 2906 lumen
919 2840 957 2904 in
966 2843 1098 2905 aethere
1109 2849 1270 2906 moestum

354 2947 455 3029 Solis,
465 2945 503 3010 in
518 2946 659 3011 obscuro
674 2965 823 3032 pugnam
834 2939 962 3030 pallore
974 2945 1112 3010 notavit.
1151 2970 1155 2980 ·

354 3051 556 3119 Dissimilem
569 3061 657 3116 certe
673 3050 815 3134 cunctis,
832 3069 914 3132 quos
928 3051 1087 3135 explicat,
1102 3051 1170 3139 egit

349 3158 578 3249 *Thessalicum
591 3165 709 3220 natura
725 3157 833 3220 diem:
849 3157 878 3222 si
897 3165 1015 3224 cuncta
1027 3158 1134 3244 perito
1159 3153 1161 3164 '
1226 3209 1232 3219 .

323 3337 329 3344 ,
353 3266 596 3352 Auguremens
608 3263 784 3328 hominum
797 3261 881 3327 coeli
890 3263 1085 3354 nouasigna
1098 3271 1261 3348 notasset,
1376 3255 1377 3258 ¹

351 3367 498 3452 Spectari
513 3377 582 3434 toto
600 3367 710 3452 potuit
724 3367 893 3432 Pharsalia
907 3369 1045 3432 mundo.
1171 3395 1173 3402 ·
1234 3359 1238 3365 ’

352 3473 539 3540 Osummos
549 3474 740 3556 bominum,
753 3491 898 3554 quorum
907 3473 1053 3538 Fortuna
1061 3493 1122 3558 per
1131 3474 1251 3538 orbem

350 3574 455 3660 Signa
466 3575 574 3658 dedit,
589 3574 819 3658 quorumfatis
829 3577 961 3640 coelum
972 3593 1071 3640 omne
1080 3577 1230 3642 vacavit!

234 3725 244 3733 -
349 3681 442 3745 Haec
453 3689 486 3744 et
496 3681 587 3764 apud
596 3701 685 3747 seras
693 3691 821 3769 gentes,
831 3682 1039 3768 populosque
1047 3689 1228 3766 nepotum,

349 3782 424 3850 Sive
436 3803 497 3856 sua
510 3791 638 3856 tanturn
646 3785 781 3850 venient
795 3783 832 3851 in
843 3785 954 3852 secula
967 3783 1073 3870 lama,
