2790 4874
344 383 404 453 nt
594 361 1039 430 retransite
1138 361 1260 431 een.

341 507 410 596 Qui
419 505 547 574 niteant
562 506 673 592 primo
690 517 818 572 tantum
833 481 994 572 mucrone
1011 507 1156 592 cruenti,

341 623 436 706 Quae
445 633 558 703 presso
570 629 688 682 bemat
706 639 784 684 ense
798 637 931 701 manus,
955 619 1031 700 quis
1043 620 1204 707 languida
1217 621 1292 706 tela,

340 726 424 814 Quis
435 736 588 791 contenta
598 725 695 808 ferat,
712 726 787 806 quis
804 735 947 810 praestet
960 729 1050 790 bella
1062 727 1210 810 lubenti,
1269 715 1272 722 ’

341 836 449 919 Quem
459 851 610 920 pugnare
618 829 725 912 iuvet,
741 829 815 912 quis
833 831 963 893 vultum
983 831 1055 894 cive
1069 839 1221 916 peremto

325 941 463 1004 ·Muteta
482 937 554 1002 obit
569 935 644 1000 latia
656 935 803 1020 proiecta
816 938 977 999 cadavera
994 935 1131 1020 campis.
1156 935 1159 940 '
1272 935 1277 951 '

341 1045 490 1112 Vulnera
507 1043 707 1124 multorum,
722 1053 829 1105 totum
843 1042 956 1105 flaura
975 1059 1143 1122 eruorem,

342 1149 503 1234 Opposita
516 1147 637 1232 premit
651 1147 722 1230 ipse
734 1167 845 1211 manu·
864 1151 1071 1234 Quaeunque
1081 1155 1239 1234 vagatur,

341 1254 567 1341 Sangarineum
584 1251 735 1334 quatiens
748 1253 852 1316 veluti
862 1255 999 1317 Bellona
1011 1254 1201 1339 flagellum,

340 1363 488 1428 Bistonas
502 1371 560 1425 ant
575 1365 707 1425 Mavors
721 1349 865 1449 agitans,
881 1362 909 1428 si
928 1363 1066 1425 verbere
1082 1380 1182 1428 saevo
1219 1365 1224 1373 '

215 1547 225 1556 .
341 1466 489 1532 Palladia
498 1466 643 1530 stimulet
657 1466 802 1529 turbatos
821 1467 937 1554 aegide
955 1486 1090 1548 currus,

341 1573 416 1636 Nox
423 1571 540 1660 ingens
551 1573 731 1654 scelerum,
747 1579 780 1634 et
790 1573 905 1635 caedes
914 1571 1083 1653 oriuntur,
1098 1577 1131 1633 et
1146 1569 1247 1636 instar

340 1679 526 1756 Immensae
538 1679 631 1744 vocis
646 1678 802 1766 gemitus,
816 1688 849 1742 et
863 1680 1011 1762 pondem
1033 1675 1119 1760 lapsi

341 1785 488 1851 Pectoris
501 1807 596 1850 arma
607 1795 737 1868 sonant,
753 1783 976 1865 confractique
996 1781 1127 1846 ensibus
1141 1799 1243 1846 enses·

342 1891 416 1974 lpse
430 1912 532 1954 manu
549 1890 669 1954 subicit
680 1889 824 1976 gladios,
847 1909 886 1952 ae
903 1891 968 1951 tela
980 1887 1162 1972 ministrat,

342 1995 571 2075 Adversosque
582 1992 674 2057 iubet
686 1995 774 2057 ferro
794 1993 997 2057 confundere
1008 1991 1127 2055 vultus.

342 2101 520 2164 Promovet
532 2098 602 2182 ipse
619 2100 721 2186 acies:
732 2095 872 2184 impellit
882 2107 979 2183 terga
992 2115 1148 2160 suorum:
1241 2091 1294 2176 ⁶76

342 2205 489 2268 Verbere
503 2213 680 2268 conversae
694 2215 854 2268 cessantes
868 2203 988 2268 excitat
1002 2187 1126 2268 bastae.
1243 2205 1248 2222 ¹

342 2307 382 2369 In
400 2307 532 2390 plebem
549 2317 638 2372 vetat
651 2309 701 2372 ire
713 2327 845 2392 munus,
862 2319 1086 2391 monstratque
1096 2311 1262 2374 Senatum·

344 2409 411 2475 Scit
422 2429 521 2474 eruor
530 2409 663 2492 imperii
675 2411 733 2496 qui
743 2411 803 2494 sit,
818 2431 903 2494 quae
917 2411 1043 2476 viscera
1057 2432 1186 2495 rerum3
1369 2418 1370 2490 l

343 2516 442 2577 Unde
452 2523 542 2598 petat
552 2515 711 2597 Romam,
728 2515 860 2579 libertas
873 2515 991 2579 ultima
1006 2515 1125 2582 mundi
1369 2497 1370 2520 ¹

227 2603 229 2608 ⁵
344 2621 420 2705 Quo
434 2617 556 2682 steterit
568 2618 718 2682 ferienda
727 2621 811 2682 loeo.
825 2619 991 2682 Permixta
1003 2621 1151 2684 seeundo
1276 2690 1281 2699 x

345 2723 472 2788 Ordine
483 2720 653 2804 nobilitas,
667 2723 921 2805 venerandaque
935 2743 1075 2808 corpora
1090 2716 1180 2794 ferro
1367 2771 1370 2806 ,

344 2828 527 2914 Urgentes:
548 2825 690 2888 caedunt
705 2825 863 2910 Lepidos,
878 2830 1085 2922 caeduntque
1103 2820 1268 2915 Metellos,

281 3007 284 3010 Ι
345 2925 571 3006 Corvinosque
582 2926 698 3010 simul,
709 2929 942 3010 Torquataque
955 2927 1090 2992 nomina
1098 2973 1108 3009 ,
1123 2935 1241 3014 regum
1368 2993 1370 3014 ,

346 3034 450 3114 Saepe
468 3031 579 3115 duces,
594 3052 806 3116 summosque
825 3033 1001 3098 bominum
1017 3043 1066 3119 te,
1086 3037 1225 3123 Magne,

897 3147 1037 3202 remoto.

288 3267 289 3274 κ
346 3237 420 3303 Illic
434 3237 564 3322 plebeia
580 3248 747 3305 contectus
765 3241 889 3306 casside
902 3245 1027 3326 vultus,
1052 3275 1054 3280 ·

345 3343 546 3430 Ignotusque
556 3344 659 3429 boeti,
678 3347 760 3428 quid
775 3348 913 3429 ferrum,
926 3350 1040 3430 Brute,
1053 3348 1210 3416 tenebas?

348 3452 379 3514 0
395 3447 495 3515 decus
506 3450 653 3536 imperii,
666 3473 740 3537 spes
750 3474 771 3516 ο
783 3467 937 3536 suprema
952 3457 1105 3538 Senatus,

346 3557 537 3636 Extremum
551 3557 634 3620 tanti
649 3559 779 3643 generis
797 3579 858 3641 per
872 3560 982 3622 secula
995 3559 1134 3621 nomenl
1217 3561 1219 3568 “

347 3661 402 3722 Ne
410 3681 469 3724 rue
485 3681 546 3744 per
561 3661 687 3726 medios
704 3661 845 3737 nimium
862 3662 1193 3749 temerariusboetes,

252 3755 256 3764 '
348 3765 416 3829 Nec
429 3761 491 3830 tibi
501 3763 616 3830 fatales
628 3764 814 3836 admoveris
830 3765 1108 3852 antePhilippos,
1188 3783 1191 3791 ⁴
