2824 4880
382 423 439 470 rm
640 401 1080 470 PHARSALIAE
1175 411 1303 476 ulca

378 547 548 635 Syrtibus:
567 547 626 614 hu
639 551 747 614 audax
755 561 865 636 sperat
876 552 942 617 sibi
954 557 1070 619 cedere
1079 555 1198 620 ¹virtus.
1301 609 1304 616 ,

272 741 276 746 Ι
418 658 544 739 Syrtes,
559 658 611 718 vel
628 656 772 738 primam
785 657 912 720 mundo
930 656 1208 744 Naturaliguram
1259 685 1261 690 ’

378 763 462 824 Cum
475 764 581 842 daret,
599 760 636 823 in
650 761 753 824 dubio
764 762 876 848 pelagi
887 774 1058 844 terraeque
1075 763 1221 843 reliquit.
1393 825 1394 840 ,

354 919 358 934 ,
376 864 486 949 (Nam
504 863 769 943 nequeaubscdit
781 863 928 946 penitus,
947 885 1015 945 quo
1028 873 1145 949 stagna
1153 862 1315 948 profundi
1393 889 1394 904 ³

375 973 637 1056 Acciperet,nec
647 993 683 1038 se
695 973 843 1036 defendit
857 976 900 1036 ab
911 975 1164 1055 aequoretclhs
1168 995 1184 1054 3
1393 989 1394 1000 ¹

375 1077 540 1166 Ambigua
552 1082 611 1143 sed
624 1081 698 1165 lege
714 1069 781 1144 loci
798 1079 883 1144 iacet
900 1079 992 1143 invia
1008 1082 1117 1144 sedes:

311 1216 316 1226 ,
375 1183 527 1262 Aequora
545 1181 772 1264 fractavadis,
791 1182 996 1264 abruptaque
1012 1190 1100 1244 terra
1116 1179 1303 1265 profundo,
1393 1173 1394 1256 i

374 1285 416 1346 Et
429 1295 503 1368 post
520 1288 625 1348 multa
634 1297 753 1350 sonant
766 1286 904 1371 proiecti
917 1285 1016 1349 litora
1034 1288 1163 1348 fluctus.
1393 1277 1394 1290 ¹

374 1391 428 1456 Sic
442 1395 529 1456 male
546 1394 703 1477 deseruit,
723 1395 898 1475 nullosque
913 1389 1071 1480 exegit‘iu
1084 1413 1164 1456 usus

374 1503 470 1563 Hanc
485 1511 614 1582 partem
631 1504 756 1564 Natura
765 1500 849 1586 aui.)
870 1503 931 1566 Vel
944 1501 1074 1584 plenior
1087 1504 1155 1566 alto

375 1605 466 1669 Olim
481 1606 594 1704 Syrtis
604 1615 674 1670 erat
689 1608 825 1694 pelago,
841 1605 1038 1690 penitusque
1051 1608 1202 1670 'natabata

374 1713 439 1776 Sed
447 1711 582 1796 rapidus
598 1711 696 1775 Titan
709 1721 813 1794 ponto
826 1731 886 1776 sua
898 1711 1026 1776 lumina
1034 1731 1187 1794 pascens,

373 1821 526 1900 Aequora
540 1819 698 1882 subduxit
712 1839 814 1882 nonae
834 1817 946 1882 vicina
957 1826 1127 1900 perustam
1174 1861 1177 1864 -
1276 1847 1280 1854 ·

373 1925 415 1986 Et
429 1945 519 1986 nunc
532 1932 671 2006 pontus,
688 1925 805 1986 adhuc
815 1925 949 2015 Phoebo
962 1921 1120 2002 siccante,
1138 1929 1306 2010 repugnat·

372 2032 453 2093 Mox
466 2030 523 2094 ubi
540 2032 737 2102 damnosum
752 2027 861 2092 radios
880 2026 1067 2093 admoverit
1085 2047 1224 2110 aevum,
1264 2025 1321 2098 su

372 2135 484 2200 Tellus
497 2133 604 2216 Syrtis
617 2133 697 2196 erit:
715 2153 794 2219 nam
809 2134 876 2196 iam
891 2132 1001 2196 brevis
1019 2133 1109 2211 unda
1123 2151 1268 2216 superne

371 2241 519 2318 Innatat,
531 2249 563 2301 et
575 2240 641 2301 late
653 2239 838 2321 periturum
851 2237 962 2302 deficit
977 2257 1111 2318 aequor.

412 2349 458 2407 Ut
467 2345 614 2428 primum
631 2346 731 2409 remis
743 2357 854 2410 actum
871 2367 963 2410 mare
975 2345 1124 2430 propulit
1137 2361 1248 2410 omne.
1336 2347 1338 2356 '

372 2447 491 2514 Classis
507 2469 606 2532 onus,
619 2449 729 2514 densis
741 2449 876 2513 fremuit
892 2449 985 2537 niger
1002 2449 1163 2512 imbribus
1175 2451 1300 2530 Auster,
1331 2499 1339 2510 .

371 2555 411 2616 In
429 2575 487 2618 sua
499 2555 603 2640 regna
621 2555 749 2619 furens:
770 2563 931 2618 tentatum
947 2551 1102 2617 classibus
1118 2571 1243 2633 aequor
1272 2615 1274 2624 ,

260 2697 261 2701 =
370 2659 518 2723 Turbine
534 2659 698 2745 defendit,
719 2664 886 2748 longeque
899 2683 919 2724 a
935 2661 1087 2745 Syrtibus
1101 2664 1209 2726 undas

370 2765 467 2852 Egit,
481 2776 513 2828 et
526 2766 619 2829 illato
638 2767 799 2854 confregit
815 2768 913 2830 litore
926 2777 1077 2849 pontum.
1142 2795 1144 2802 >
1211 2801 1213 2808 ·

369 2873 457 2936 Tum
469 2888 611 2955 quarum
624 2882 715 2936 recto
732 2873 905 2956 deprendit
921 2875 1055 2936 carbasa
1068 2873 1158 2934 malo

369 2979 501 3062 Eripuit
515 2979 638 3060 nautis,
652 2981 837 3062 frustraque
849 2979 1045 3042 rudentibus
1059 2980 1147 3044 ausis

368 3084 589 3168 Velanegare
607 3085 710 3166 Noto,
725 3084 870 3166 spatium
886 3083 994 3148 vicere
1009 3083 1156 3164 carinae,

368 3189 475 3269 Atque
489 3190 726 3271 ultraprorarn
741 3167 860 3254 tumuit
875 3189 977 3252 sinus.
996 3187 1119 3252 Omnia
1135 3185 1251 3270 siquis
1283 3185 1285 3194 ’

367 3291 528 3374 Providus
541 3301 706 3357 antennae
720 3291 841 3358 suffixit
856 3293 958 3356 lintea
974 3309 1144 3375 summae,

367 3393 534 3477 Vincitur,
549 3405 584 3458 et
597 3395 694 3460 nudis
708 3396 868 3460 avertitur
885 3396 1107 3460 armamentis.

367 3502 444 3563 Sors
457 3502 576 3564 melior
589 3501 699 3585 classi,
722 3523 804 3584 quae
818 3501 970 3565 fluctibus
988 3502 1105 3565 incidit
1121 3501 1213 3586 altis,

365 3605 407 3666 Et
424 3616 513 3668 certo
532 3606 649 3670 iactata
663 3606 760 3670 mari.
775 3607 1000 3689 Quaecunque
1015 3605 1143 3668 levatae

366 3710 548 3775 Arboribus
568 3713 666 3776 caesis
680 3716 794 3776 flatum
807 3707 953 3798 effugere
971 3715 1193 3796 prementem,
1294 3755 1296 3762 ·

365 3812 509 3880 Abstulit
526 3815 586 3879 has
601 3815 708 3879 ventis
718 3815 803 3881 liber
816 3815 980 3880 contraria
997 3815 1134 3880 volvens
