2824 4880
303 359 507 424 LIBER
547 361 668 427 VIII.
708 381 741 425 v.
763 361 832 445 ⁵²7·
989 383 1046 430 aot

89 502 192 570 Metiri
205 523 266 569 sua
283 527 389 591 regna
407 507 514 586 decet,
531 505 684 586 viresque
704 505 811 568 fateri.
905 569 908 582 2

90 613 147 692 Tu,
161 613 363 692 Ptolemaee,
383 623 475 693 potes
492 612 607 700 Magni
622 604 741 675 fulcire
758 611 906 695 ruinam,

89 719 149 781 Sub
166 720 233 798 qu'a
249 720 357 780 Roma
370 716 475 780 iacet?
488 718 622 780 bustum
636 717 829 798 cineresque
846 733 983 781 movere

89 823 287 888 'Ihessalieos
304 825 421 905 audes,
441 824 635 905 bellumque
651 823 687 888 in
707 845 812 909 regna
828 805 970 888 vocare?

89 932 165 994 Ante
178 932 284 996 aciem
297 930 484 994 Emathiam
495 931 605 996 'nullis
619 932 813 996 accessimus
829 932 946 996 armis:

88 1037 228 1121 Pompeii
241 1061 332 1102 nuno
342 1047 447 1106 castra
460 1041 611 1121 placent,
625 1060 710 1120 quae
724 1038 844 1101 deserit
856 1037 969 1103 orbis?

89 1143 175 1206 Nunc
191 1143 326 1208 victoris
341 1165 440 1227 opes,
455 1155 487 1207 et
501 1145 634 1232 cognita
648 1145 716 1210 fata
732 1145 886 1210 lacessis?

22 1313 24 1320 ,
88 1250 230 1314 Adversis
250 1271 319 1315 non
341 1253 452 1315 deesse
468 1253 576 1332 decet,
590 1253 648 1314 sed
657 1252 744 1314 laeta
754 1259 893 1316 secutos.

89 1357 177 1422 Nulla
190 1355 271 1420 fides
287 1377 437 1437 unquam
455 1355 592 1422 miseros
606 1355 707 1442 elegit
723 1353 859 1422 amicos.

125 1463 301 1526 Adsensere
317 1483 432 1526 omnes
444 1462 572 1527 sceleri.
587 1464 742 1526 Laetatur
755 1463 884 1525 honore

88 1569 152 1630 Rex
167 1591 252 1652 puer
263 1569 412 1651 insueto,
430 1567 603 1651 quodiam
622 1568 686 1634 sihi
701 1577 792 1633 tanta
806 1567 923 1631 iubere

87 1675 275 1738 Permittunt
288 1673 416 1738 famuli.
432 1674 555 1737 Sceleri
568 1675 715 1736 delectus
727 1672 881 1762 Achillas.

87 1780 206 1846 Perfida
222 1801 290 1865 qua
306 1783 403 1847 tellus
418 1783 520 1847 CasiIs
532 1781 677 1846 excurrit
694 1779 820 1862 arenis,
888 1775 896 1787 '

87 1886 122 1949 Et
132 1891 213 1950 vada
225 1897 385 1952 testantur
400 1887 529 1954 iunctas
542 1889 708 1976 Aegyptia
727 1891 860 1973 Syrtes,

86 1995 238 2082 Exiguam
256 1995 351 2060 sooiis
367 1998 523 2080 monstri,
542 1997 728 2084 gladiisque
744 1995 891 2060 carinam
985 1994 1043 2074 541

85 2101 221 2166 Instruit.
237 2106 267 2167 O
285 2103 417 2188 Superi,
431 2087 590 2185 Nilusne,
608 2111 640 2165 et
653 2105 796 2166 harhara
811 2099 993 2184 MemphIs,

85 2207 120 2268 Et
130 2209 287 2272 Pelusiaci
305 2219 371 2270 tarn
387 2207 498 2272 mollis
514 2211 611 2273 turha
627 2208 756 2290 Canopi
897 2275 899 2279 ,

85 2313 146 2376 Hos
161 2313 309 2378 anirnosl
324 2313 370 2376 sic
387 2315 455 2376 fata
475 2306 632 2396 premunt
647 2311 761 2374 civilia
775 2313 958 2376 mundum!

86 2416 130 2482 Sic
144 2421 296 2482 Romana
309 2418 437 2484 iacent!
459 2421 591 2482 ullusne
608 2415 644 2479 in
663 2417 813 2480 cladibus
832 2415 901 2479 istis
955 2488 963 2494 ,

84 2519 132 2583 Fst
142 2524 235 2608 locus
245 2523 420 2608 Aegypto?
430 2523 637 2601 Phariusque
650 2520 834 2616 admittitur
853 2519 965 2585 ensis?

83 2631 170 2696 Hanc
184 2611 272 2696 certe
291 2641 419 2696 servate
436 2629 553 2712 fidem,
569 2629 682 2693 civilia
700 2631 805 2714 bella,

84 2733 238 2820 Cognatas
255 2745 418 2819 praestate
435 2753 568 2817 manus,
589 2744 791 2816 externaque
804 2744 953 2798 monstra

82 2841 212 2924 Pellite,
226 2840 255 2904 si
273 2825 395 2904 meruit
412 2849 479 2903 tam'
498 2843 588 2903 claro
603 2841 741 2902 nomine
756 2839 900 2926 Magnus

83 2947 223 3012 Caesaris
239 2967 308 3011 esse
324 2949 426 3010 nefas.
444 2945 558 3027 Tanti,
576 2947 780 3028 Ptolemaee,
794 2944 929 3007 ruinam

82 3053 227 3118 Nominis
242 3057 334 3116 haud
345 3053 486 3118 metuis?
496 3055 655 3132 coeloque
667 3060 803 3113 tonante
812 3051 969 3134 profanas

81 3156 252 3224 InseruIsse
270 3181 405 3242 manus,
422 3160 554 3244 impure
573 3180 611 3222 ac
627 3157 776 3240 semivir,
791 3159 912 3220 audes?

81 3259 150 3324 Non
162 3262 309 3329 domitor
325 3264 463 3345 mundi,
483 3285 545 3326 nee
557 3272 606 3324 ter
615 3259 781 3342 Capitolia
792 3280 892 3322 curru

81 3365 241 3453 Invectus,
255 3393 439 3458 regumque
453 3379 571 3455 potens
581 3373 597 3452 ,¹
607 3369 795 3448 vindexque
807 3369 959 3447 Senatus,

82 3469 284 3556 VictorIsque
298 3495 418 3562 gener;
438 3474 560 3540 Phario
578 3472 655 3537 satis
671 3490 740 3532 esse
755 3479 900 3552 tyranno

83 3577 176 3660 Quod
185 3591 329 3664 poterat,
351 3585 522 3645 Romanus
536 3587 615 3641 erat.
635 3575 727 3660 Quid
741 3573 868 3636 viscera
887 3580 999 3652 nostra

83 3680 236 3750 Scrutaris
250 3689 384 3774 gladio?
404 3685 526 3768 nescis,
539 3704 623 3767 puer
636 3681 806 3764 improbe,
821 3676 925 3744 nescis
992 3669 994 3672 ¹

83 3789 152 3874 Quo
167 3802 222 3863 tua
231 3796 272 3863 sit
286 3798 419 3864 fortuna
432 3796 523 3860 loco:
539 3791 607 3856 iam
620 3790 694 3856 iure
714 3787 785 3854 sine
805 3789 878 3852 ullo
