2790 4874
331 379 391 442 ιω
581 345 1057 424 rnaasaurau'
1124 319 1247 445 aaa

258 513 267 545 ·’
328 509 371 571 At
383 503 508 567 medios
520 501 616 590 ignes
633 501 733 586 coeli,
749 502 924 584 rabidique
941 503 1061 567 Leonis
1151 529 1152 536 1

215 629 220 640 ·
327 611 504 676 Solstitiale
519 617 619 694 caput
637 629 830 674 nemorosus
848 613 1022 673 submovet
1035 611 1171 695 Othrys.
1196 685 1203 700 „

290 802 295 814 ι
319 715 458 799 ‘Excipit
473 718 626 779 adversos
644 717 815 797 Zephyros
832 725 865 779 et
882 717 1011 802 Iapyga
1024 716 1161 803 Pindus,
1209 721 1214 726 ’

327 820 369 881 Et
384 829 548 883 maturato
563 818 722 902 praecidit
734 840 871 900 vespere
889 821 1009 882 lucem.
1092 853 1093 860 1

327 926 395 988 Nec
410 933 558 986 metuens
574 923 634 987 imi
648 927 775 985 Borean
793 923 958 988 habitator
977 921 1119 1008 Olympi

327 1033 508 1094 Lucentem
526 1029 602 1092 totis
616 1028 747 1115 ignorat
766 1029 921 1094 noctibus
938 1023 1071 1092 Arcton.

327 1140 398 1202 Hos
414 1137 500 1200 inter
517 1149 645 1200 montes
661 1135 770 1199 media
791 1137 848 1217 qui
864 1137 952 1200 valle
970 1147 1182 1225 premuntur,

327 1243 497 1326 Perpetuis
509 1245 678 1325 quondam
698 1233 824 1305 latuere
844 1243 1022 1326 paludibus
1041 1243 1127 1331 agri,

328 1347 483 1412 Flumina
499 1351 580 1411 dum
592 1335 701 1431 campi
717 1346 875 1428 retinent,
894 1369 956 1412 nee
969 1349 1086 1433 pervia
1103 1350 1228 1434 Tempe

250 1461 257 1474 '
328 1459 417 1519 Dant
437 1457 545 1520 aditus
559 1459 698 1542 pelago,
718 1463 938 1540 stagnumque
957 1453 1172 1536 implentibus
1192 1453 1284 1532 undis

329 1561 481 1622 Crescere
499 1581 612 1622 cursus
629 1569 708 1620 erat.
725 1561 902 1639 Postquam
919 1555 1066 1621 discessit
1086 1558 1236 1640 Olympo

131 1671 134 1698 '⁴
255 1723 259 1726 ,
328 1663 492 1724 Herculea
508 1662 618 1748 gravis
635 1649 720 1725 'Ossa
739 1679 858 1742 manu,
872 1658 1066 1739 subitaeque
1078 1659 1211 1722 ruinam

329 1767 435 1830 Sensit
445 1787 550 1850 aquae
565 1771 708 1846 Nereus,
723 1765 841 1828 melius
856 1784 1012 1827 mansura
1027 1766 1089 1827 sub
1102 1765 1218 1847 undis,

329 1867 495 1958 Emathis,
514 1875 670 1956 aequorei
687 1896 828 1962 regnum
845 1874 1018 1937 Pharsalos
1033 1871 1187 1955 Achillis,
1230 1905 1236 1910 ·

329 1977 476 2064 Eminet,
490 1993 522 2046 et
534 1983 642 2067 prima
655 1985 814 2046 Rhoeteia
830 1981 929 2044 litora
946 1979 1028 2063 pinu
1218 1995 1223 2000 ·
1325 2047 1328 2057 f

330 2090 424 2176 Qua'e
442 2091 547 2176 tetigit
565 2093 727 2174 Phylace,
745 2094 952 2171 Pteleosque,
971 2097 1003 2152 ct
1020 2087 1145 2150 Dotion
1160 2087 1210 2150 ira
1229 2085 1281 2148 352

330 2192 454 2256 Flebile
470 2192 652 2266 Pieridum3
671 2193 830 2290 Trachin,
848 2193 1021 2275 pretioque
1035 2192 1199 2254 nefandae

329 2295 514 2376 Lampados
527 2293 699 2358 Herculeis
712 2295 806 2359 fortis
819 2293 986 2358 Meliboea
1001 2293 1179 2377 pharetris:

329 2402 437 2480 Atque
452 2399 534 2462 olim
548 2399 676 2464 larissa
691 2410 827 2483 potens:
842 2400 900 2464 ubi
911 2400 1026 2463 nobile
1042 2401 1211 2481 quondam
1276 2437 1279 2443 ·

292 2534 298 2550 ·
329 2501 531 2591 Nuncsuper
539 2509 643 2593 Argos
655 2517 765 2570 arant:
779 2518 904 2571 veteres
918 2507 978 2571 ubi
987 2508 1101 2572 fabula
1110 2509 1239 2572 Thebas

330 2615 491 2674 Monstrat
503 2611 691 2677 Echionias:
707 2613 765 2677 uhi
780 2617 948 2696 quondam
966 2613 1247 2696 Pentheosexsul,

332 2721 427 2783 Colla
441 2731 604 2801 caputque
618 2721 726 2808 ferens
739 2741 894 2803 supremo
910 2721 1150 2808 tradiditigni,

332 2829 471 2913 Questa,
490 2829 580 2908 quod
596 2829 661 2891 hoc
674 2829 782 2890 solum
797 2827 875 2892 nato
889 2821 1051 2912 rapuisset
1068 2831 1189 2920 rigare.

331 2931 421 3016 Ergo
434 2929 574 3013 abrupta
585 2931 681 3012 palus
694 2933 814 2994 multos
828 2931 973 2996 discessit
990 2933 1029 2996 in'
1047 2955 1171 2999 amnes

331 3037 438 3099 Purus
449 3034 485 3096 in
498 3055 645 3117 occasus,
663 3038 759 3119 parvi
771 3041 829 3115 sed
844 3019 1099 3128 gurgitis,'Aeas
1201 3103 1207 3112 ,

331 3140 429 3203 Iditio
444 3141 515 3204 fluit
530 3143 609 3206 inde
625 3143 725 3228 map':
749 3167 810 3209 nee
828 3147 944 3210 fortior
963 3149 1062 3210 undis

308 3279 310 3287 t
333 3244 472 3306 labitur
486 3256 616 3311 avectae
629 3258 723 3330 pater
733 3249 845 3331 Isidis,
858 3262 889 3313 et
903 3261 992 3333 tuus,
1008 3253 1141 3334 Oeneu,

246 3433 252 3446 Ι
334 3347 444 3410 Paene
456 3369 558 3432 gener
573 3350 690 3413 crassis
700 3353 837 3416 oblimat
851 3355 1034 3418 Echinadas
1049 3355 1169 3422 undis:

334 3451 375 3512 Et
385 3452 605 3538 Meleagream
618 3459 799 3520 maculatus
809 3459 970 3545 sanguine
986 3459 1078 3523 Nessi

334 3558 462 3618 Evenos
480 3556 653 3640 Calydona
670 3571 767 3624 secat.
786 3562 873 3625 Ferit
886 3583 988 3626 amne
1004 3561 1103 3628 citato

334 3661 491 3726 Maliacas
506 3664 685 3746 Spercheos
698 3681 814 3748 aquas:
834 3679 866 3732 et
879 3670 1022 3750 humine
1033 3689 1120 3754 puro

335 3768 455 3854 irrigat
469 3765 672 3857 Arnphrysos
688 3775 877 3841 famulantis
896 3759 1018 3862 pascua
1034 3777 1169 3844 Phoebi.
1196 3777 1199 3780 ’
