<?xml version="1.0" encoding="UTF-8"?>
<!DOCTYPE html PUBLIC "-//W3C//DTD XHTML 1.0 Transitional//EN"
    "http://www.w3.org/TR/xhtml1/DTD/xhtml1-transitional.dtd">
<html xmlns="http://www.w3.org/1999/xhtml" xml:lang="en" lang="en">
 <head>
  <title>
</title>
<meta http-equiv="Content-Type" content="text/html;charset=utf-8" />
  <meta name='ocr-system' content='tesseract 3.04.00' />
  <meta name='ocr-capabilities' content='ocr_page ocr_carea ocr_par ocr_line ocrx_word'/>
</head>
<body>
  <div class='ocr_page' id='page_1' title='image "./marciannaeiluca00bipogoog_0224.png"; bbox 0 0 2790 4874; ppageno 0'>
   <div class='ocr_carea' id='block_1_1' title="bbox 329 415 1062 514">
    <p class='ocr_par' dir='ltr' id='par_1_1' title="bbox 329 415 1062 514">
     <span class='ocr_line' id='line_1_1' title="bbox 329 415 1062 514; baseline 0.014 -28"><span class='ocrx_word' id='word_1_1' title='bbox 329 415 533 486; x_wconf 82' lang='lat' dir='ltr'>LIBER</span> <span class='ocrx_word' id='word_1_2' title='bbox 572 423 671 490; x_wconf 85' lang='lat' dir='ltr'><strong>VII.</strong></span> <span class='ocrx_word' id='word_1_3' title='bbox 711 444 743 488; x_wconf 82' lang='lat' dir='ltr'><strong>r.</strong></span> <span class='ocrx_word' id='word_1_4' title='bbox 770 427 838 511; x_wconf 83' lang='lat'><strong>529.</strong></span> <span class='ocrx_word' id='word_1_5' title='bbox 1003 437 1062 514; x_wconf 76' lang='lat'><strong>173</strong></span> 
     </span>
    </p>
   </div>
   <div class='ocr_carea' id='block_1_2' title="bbox 96 561 868 656">
    <p class='ocr_par' dir='ltr' id='par_1_2' title="bbox 96 561 868 656">
     <span class='ocr_line' id='line_1_2' title="bbox 96 561 868 656; baseline 0.003 -25"><span class='ocrx_word' id='word_1_6' title='bbox 96 568 140 631; x_wconf 89' lang='lat' dir='ltr'><strong>In</strong></span> <span class='ocrx_word' id='word_1_7' title='bbox 157 571 255 652; x_wconf 87' lang='lat' dir='ltr'><strong>eaput</strong></span> <span class='ocrx_word' id='word_1_8' title='bbox 273 561 370 630; x_wconf 79' lang='lat' dir='ltr'><strong>effusi</strong></span> <span class='ocrx_word' id='word_1_9' title='bbox 386 563 526 630; x_wconf 84' lang='lat' dir='ltr'><strong>calcavit</strong></span> <span class='ocrx_word' id='word_1_10' title='bbox 542 569 693 630; x_wconf 89' lang='lat' dir='ltr'><strong>membra</strong></span> <span class='ocrx_word' id='word_1_11' title='bbox 708 571 868 656; x_wconf 79' lang='lat' dir='ltr'><strong>regentis3</strong></span> 
     </span>
    </p>
   </div>
   <div class='ocr_carea' id='block_1_3' title="bbox 95 673 1034 1497">
    <p class='ocr_par' dir='ltr' id='par_1_3' title="bbox 97 673 971 760">
     <span class='ocr_line' id='line_1_3' title="bbox 97 673 971 760; baseline 0.001 -21"><span class='ocrx_word' id='word_1_12' title='bbox 97 674 217 740; x_wconf 88' lang='lat' dir='ltr'><strong>Omnis</strong></span> <span class='ocrx_word' id='word_1_13' title='bbox 232 691 333 754; x_wconf 81' lang='lat' dir='ltr'>eques</span> <span class='ocrx_word' id='word_1_14' title='bbox 351 673 443 736; x_wconf 83' lang='lat' dir='ltr'><strong>cessit</strong></span> <span class='ocrx_word' id='word_1_15' title='bbox 455 673 592 756; x_wconf 88' lang='lat' dir='ltr'><strong>campis,</strong></span> <span class='ocrx_word' id='word_1_16' title='bbox 608 675 857 759; x_wconf 81' lang='lat' dir='ltr'><strong>glomerataque</strong></span> <span class='ocrx_word' id='word_1_17' title='bbox 867 680 971 760; x_wconf 80' lang='lat' dir='ltr'>pubes</span> 
     </span>
    </p>

    <p class='ocr_par' dir='ltr' id='par_1_4' title="bbox 95 778 1034 1497">
     <span class='ocr_line' id='line_1_4' title="bbox 95 778 918 866; baseline 0.006 -24"><span class='ocrx_word' id='word_1_18' title='bbox 95 781 139 842; x_wconf 92' lang='lat' dir='ltr'><strong>In</strong></span> <span class='ocrx_word' id='word_1_19' title='bbox 152 801 210 846; x_wconf 91' lang='lat' dir='ltr'><strong>sua</strong></span> <span class='ocrx_word' id='word_1_20' title='bbox 224 778 389 843; x_wconf 86' lang='lat' dir='ltr'><strong>conversis</strong></span> <span class='ocrx_word' id='word_1_21' title='bbox 400 799 557 862; x_wconf 87' lang='lat' dir='ltr'><strong>praeceps</strong></span> <span class='ocrx_word' id='word_1_22' title='bbox 570 780 638 842; x_wconf 90' lang='lat' dir='ltr'><strong>ruit</strong></span> <span class='ocrx_word' id='word_1_23' title='bbox 652 781 786 866; x_wconf 84' lang='lat' dir='ltr'>agmina</span> <span class='ocrx_word' id='word_1_24' title='bbox 805 783 918 847; x_wconf 84' lang='lat' dir='ltr'><strong>frenis.</strong></span> 
     </span>
     <span class='ocr_line' id='line_1_5' title="bbox 96 886 1009 968; baseline 0.004 -16"><span class='ocrx_word' id='word_1_25' title='bbox 96 886 246 952; x_wconf 87' lang='lat' dir='ltr'><strong>Perdidit</strong></span> <span class='ocrx_word' id='word_1_26' title='bbox 260 886 339 950; x_wconf 88' lang='lat' dir='ltr'><strong>inde</strong></span> <span class='ocrx_word' id='word_1_27' title='bbox 354 887 492 950; x_wconf 89' lang='lat' dir='ltr'><strong>modum</strong></span> <span class='ocrx_word' id='word_1_28' title='bbox 511 890 643 968; x_wconf 90' lang='lat' dir='ltr'><strong>caedes,</strong></span> <span class='ocrx_word' id='word_1_29' title='bbox 665 909 705 952; x_wconf 86' lang='lat' dir='ltr'><strong>ao</strong></span> <span class='ocrx_word' id='word_1_30' title='bbox 720 891 815 952; x_wconf 83' lang='lat' dir='ltr'><strong>nulla</strong></span> <span class='ocrx_word' id='word_1_31' title='bbox 834 903 944 955; x_wconf 84' lang='lat' dir='ltr'><strong>secuta</strong></span> <span class='ocrx_word' id='word_1_32' title='bbox 961 901 1009 958; x_wconf 92' lang='lat' dir='ltr'><strong>est</strong></span> 
     </span>
     <span class='ocr_line' id='line_1_6' title="bbox 96 995 1018 1086; baseline 0.003 -24"><span class='ocrx_word' id='word_1_33' title='bbox 96 1003 228 1086; x_wconf 81' lang='lat' dir='ltr'><strong>Pugna3</strong></span> <span class='ocrx_word' id='word_1_34' title='bbox 243 999 301 1062; x_wconf 89' lang='lat' dir='ltr'><strong>sed</strong></span> <span class='ocrx_word' id='word_1_35' title='bbox 308 995 386 1058; x_wconf 89' lang='lat' dir='ltr'><strong>binc</strong></span> <span class='ocrx_word' id='word_1_36' title='bbox 394 996 533 1082; x_wconf 82' lang='lat' dir='ltr'><strong>iugulis,</strong></span> <span class='ocrx_word' id='word_1_37' title='bbox 545 997 624 1061; x_wconf 91' lang='lat' dir='ltr'><strong>hinc</strong></span> <span class='ocrx_word' id='word_1_38' title='bbox 634 998 720 1061; x_wconf 86' lang='lat' dir='ltr'><strong>lerro</strong></span> <span class='ocrx_word' id='word_1_39' title='bbox 728 1045 737 1081; x_wconf 89' lang='lat'><strong>,</strong></span> <span class='ocrx_word' id='word_1_40' title='bbox 746 1002 835 1062; x_wconf 88' lang='lat' dir='ltr'><strong>bella</strong></span> <span class='ocrx_word' id='word_1_41' title='bbox 846 1013 1018 1086; x_wconf 86' lang='lat' dir='ltr'><strong>geruntur.</strong></span> 
     </span>
     <span class='ocr_line' id='line_1_7' title="bbox 96 1102 1034 1192; baseline 0 -22"><span class='ocrx_word' id='word_1_42' title='bbox 96 1110 164 1170; x_wconf 85' lang='lat' dir='ltr'><strong>Nec</strong></span> <span class='ocrx_word' id='word_1_43' title='bbox 173 1107 260 1168; x_wconf 91' lang='lat' dir='ltr'><strong>valet</strong></span> <span class='ocrx_word' id='word_1_44' title='bbox 268 1106 350 1166; x_wconf 89' lang='lat' dir='ltr'><strong>haec</strong></span> <span class='ocrx_word' id='word_1_45' title='bbox 364 1102 449 1164; x_wconf 89' lang='lat' dir='ltr'><strong>acies</strong></span> <span class='ocrx_word' id='word_1_46' title='bbox 464 1113 590 1165; x_wconf 86' lang='lat' dir='ltr'><strong>tantum</strong></span> <span class='ocrx_word' id='word_1_47' title='bbox 598 1115 821 1186; x_wconf 70' lang='lat' dir='ltr'><strong>prosternere,</strong></span> <span class='ocrx_word' id='word_1_48' title='bbox 834 1115 998 1185; x_wconf 88' lang='lat' dir='ltr'><strong>quantum</strong></span> <span class='ocrx_word' id='word_1_49' title='bbox 1016 1111 1018 1118; x_wconf 90' lang='lat'>&#39;</span> <span class='ocrx_word' id='word_1_50' title='bbox 1032 1187 1034 1192; x_wconf 14' lang='grc' dir='ltr'><strong><em>Α</em></strong></span> 
     </span>
     <span class='ocr_line' id='line_1_8' title="bbox 96 1191 939 1295; baseline -0.004 -21"><span class='ocrx_word' id='word_1_51' title='bbox 96 1214 178 1276; x_wconf 88' lang='lat' dir='ltr'><strong>Inde</strong></span> <span class='ocrx_word' id='word_1_52' title='bbox 189 1191 300 1295; x_wconf 84' lang='lat' dir='ltr'><strong>perire</strong></span> <span class='ocrx_word' id='word_1_53' title='bbox 313 1215 428 1291; x_wconf 89' lang='lat' dir='ltr'><strong>potest.</strong></span> <span class='ocrx_word' id='word_1_54' title='bbox 443 1205 590 1288; x_wconf 88' lang='lat' dir='ltr'><strong>Utinam,</strong></span> <span class='ocrx_word' id='word_1_55' title='bbox 608 1206 793 1288; x_wconf 82' lang='lat' dir='ltr'><strong>Pharsalia,</strong></span> <span class='ocrx_word' id='word_1_56' title='bbox 807 1207 939 1290; x_wconf 83' lang='lat' dir='ltr'><strong>&#39;campis</strong></span> 
     </span>
     <span class='ocr_line' id='line_1_9' title="bbox 98 1309 960 1392; baseline -0.006 -13"><span class='ocrx_word' id='word_1_57' title='bbox 98 1313 245 1381; x_wconf 87' lang='lat' dir='ltr'><strong>Sufficiat</strong></span> <span class='ocrx_word' id='word_1_58' title='bbox 259 1333 357 1376; x_wconf 89' lang='lat' dir='ltr'><strong>cruor</strong></span> <span class='ocrx_word' id='word_1_59' title='bbox 367 1311 429 1374; x_wconf 90' lang='lat' dir='ltr'><strong>iste</strong></span> <span class='ocrx_word' id='word_1_60' title='bbox 438 1309 517 1392; x_wconf 90' lang='lat' dir='ltr'><strong>tuis,</strong></span> <span class='ocrx_word' id='word_1_61' title='bbox 535 1331 637 1390; x_wconf 89' lang='lat' dir='ltr'><strong>quem</strong></span> <span class='ocrx_word' id='word_1_62' title='bbox 651 1311 796 1374; x_wconf 86' lang='lat' dir='ltr'><strong>barbara</strong></span> <span class='ocrx_word' id='word_1_63' title='bbox 813 1312 960 1374; x_wconf 87' lang='lat' dir='ltr'><strong>fundunt</strong></span> 
     </span>
     <span class='ocr_line' id='line_1_10' title="bbox 97 1397 913 1497; baseline -0.004 -20"><span class='ocrx_word' id='word_1_64' title='bbox 97 1418 250 1494; x_wconf 81' lang='lat' dir='ltr'><strong>Pectora,</strong></span> <span class='ocrx_word' id='word_1_65' title='bbox 268 1431 337 1482; x_wconf 88' lang='lat' dir='ltr'><strong>non</strong></span> <span class='ocrx_word' id='word_1_66' title='bbox 350 1410 417 1474; x_wconf 86' lang='lat' dir='ltr'><strong>alio</strong></span> <span class='ocrx_word' id='word_1_67' title='bbox 433 1397 602 1473; x_wconf 81' lang='lat' dir='ltr'><strong>mutentur</strong></span> <span class='ocrx_word' id='word_1_68' title='bbox 622 1411 784 1497; x_wconf 81' lang='lat' dir='ltr'><strong>sanguine</strong></span> <span class='ocrx_word' id='word_1_69' title='bbox 796 1411 913 1476; x_wconf 89' lang='lat' dir='ltr'><strong>fontes.</strong></span> 
     </span>
    </p>
   </div>
   <div class='ocr_carea' id='block_1_4' title="bbox 3 1515 1060 3922">
    <p class='ocr_par' dir='ltr' id='par_1_5' title="bbox 96 1515 1060 2338">
     <span class='ocr_line' id='line_1_11' title="bbox 97 1515 906 1606; baseline 0.002 -23"><span class='ocrx_word' id='word_1_70' title='bbox 97 1521 160 1584; x_wconf 86' lang='lat' dir='ltr'><strong>Hic</strong></span> <span class='ocrx_word' id='word_1_71' title='bbox 175 1538 333 1582; x_wconf 89' lang='lat' dir='ltr'><strong>numerus</strong></span> <span class='ocrx_word' id='word_1_72' title='bbox 347 1524 432 1586; x_wconf 88' lang='lat' dir='ltr'><strong>totos</strong></span> <span class='ocrx_word' id='word_1_73' title='bbox 449 1515 510 1580; x_wconf 88' lang='lat' dir='ltr'><strong>tibi</strong></span> <span class='ocrx_word' id='word_1_74' title='bbox 520 1517 637 1581; x_wconf 86' lang='lat' dir='ltr'><strong>vestiat</strong></span> <span class='ocrx_word' id='word_1_75' title='bbox 651 1517 777 1602; x_wconf 71' lang='lat' dir='ltr'><strong>ossibus</strong></span> <span class='ocrx_word' id='word_1_76' title='bbox 791 1539 906 1606; x_wconf 82' lang='lat' dir='ltr'><strong>agros:</strong></span> 
     </span>
     <span class='ocr_line' id='line_1_12' title="bbox 97 1617 976 1704; baseline -0.001 -20"><span class='ocrx_word' id='word_1_77' title='bbox 97 1626 161 1684; x_wconf 82' lang='lat' dir='ltr'><strong>Aut</strong></span> <span class='ocrx_word' id='word_1_78' title='bbox 171 1620 200 1684; x_wconf 88' lang='lat' dir='ltr'><strong>si</strong></span> <span class='ocrx_word' id='word_1_79' title='bbox 213 1624 365 1684; x_wconf 84' lang='lat' dir='ltr'><strong>Romano</strong></span> <span class='ocrx_word' id='word_1_80' title='bbox 380 1617 540 1702; x_wconf 86' lang='lat' dir='ltr'><strong>compleri</strong></span> <span class='ocrx_word' id='word_1_81' title='bbox 554 1619 716 1704; x_wconf 85' lang='lat' dir='ltr'><strong>sanguine</strong></span> <span class='ocrx_word' id='word_1_82' title='bbox 732 1621 857 1703; x_wconf 87' lang='lat' dir='ltr'><strong>mavis,</strong></span> <span class='ocrx_word' id='word_1_83' title='bbox 974 1641 976 1646; x_wconf 80' lang='grc'><strong>’</strong></span> 
     </span>
     <span class='ocr_line' id='line_1_13' title="bbox 97 1721 985 1816; baseline 0 -30"><span class='ocrx_word' id='word_1_84' title='bbox 97 1725 170 1816; x_wconf 81' lang='lat' dir='ltr'><strong>Istis</strong></span> <span class='ocrx_word' id='word_1_85' title='bbox 181 1744 296 1807; x_wconf 86' lang='lat' dir='ltr'><strong>parce,</strong></span> <span class='ocrx_word' id='word_1_86' title='bbox 310 1740 443 1806; x_wconf 81' lang='lat' dir='ltr'><strong>precor:</strong></span> <span class='ocrx_word' id='word_1_87' title='bbox 461 1721 574 1784; x_wconf 85' lang='lat' dir='ltr'><strong>vivant</strong></span> <span class='ocrx_word' id='word_1_88' title='bbox 594 1723 812 1804; x_wconf 82' lang='lat' dir='ltr'><strong>Galataeque,</strong></span> <span class='ocrx_word' id='word_1_89' title='bbox 826 1721 985 1806; x_wconf 76' lang='lat' dir='ltr'><strong>syrique,</strong></span> 
     </span>
     <span class='ocr_line' id='line_1_14' title="bbox 98 1820 997 1915; baseline 0.002 -23"><span class='ocrx_word' id='word_1_90' title='bbox 98 1831 329 1914; x_wconf 89' lang='lat' dir='ltr'><strong>Cappadoces,</strong></span> <span class='ocrx_word' id='word_1_91' title='bbox 346 1828 513 1911; x_wconf 88' lang='lat' dir='ltr'><strong>Gallique,</strong></span> <span class='ocrx_word' id='word_1_92' title='bbox 534 1820 739 1910; x_wconf 81' lang='lat' dir='ltr'><strong>extremique</strong></span> <span class='ocrx_word' id='word_1_93' title='bbox 755 1829 846 1894; x_wconf 89' lang='lat' dir='ltr'><strong>orbis</strong></span> <span class='ocrx_word' id='word_1_94' title='bbox 862 1829 997 1915; x_wconf 86' lang='lat' dir='ltr'><strong>Hiberi,</strong></span> 
     </span>
     <span class='ocr_line' id='line_1_15' title="bbox 97 1932 828 2016; baseline 0.001 -20"><span class='ocrx_word' id='word_1_95' title='bbox 97 1933 264 2016; x_wconf 78' lang='lat' dir='ltr'><strong>Armenii,</strong></span> <span class='ocrx_word' id='word_1_96' title='bbox 278 1933 415 1998; x_wconf 83' lang='lat' dir='ltr'><strong>Cilices:</strong></span> <span class='ocrx_word' id='word_1_97' title='bbox 430 1953 507 1995; x_wconf 89' lang='lat' dir='ltr'><strong>nam</strong></span> <span class='ocrx_word' id='word_1_98' title='bbox 517 1942 591 2016; x_wconf 86' lang='lat' dir='ltr'><strong>post</strong></span> <span class='ocrx_word' id='word_1_99' title='bbox 609 1932 719 1996; x_wconf 87' lang='lat' dir='ltr'><strong>civilia</strong></span> <span class='ocrx_word' id='word_1_100' title='bbox 738 1935 828 1998; x_wconf 89' lang='lat' dir='ltr'><strong>bella</strong></span> 
     </span>
     <span class='ocr_line' id='line_1_16' title="bbox 97 2038 1000 2124; baseline -0.002 -20"><span class='ocrx_word' id='word_1_101' title='bbox 97 2041 163 2104; x_wconf 89' lang='lat' dir='ltr'><strong>Hic</strong></span> <span class='ocrx_word' id='word_1_102' title='bbox 175 2043 318 2124; x_wconf 84' lang='lat' dir='ltr'><strong>populus</strong></span> <span class='ocrx_word' id='word_1_103' title='bbox 334 2043 504 2104; x_wconf 81' lang='lat' dir='ltr'><strong>Romanus</strong></span> <span class='ocrx_word' id='word_1_104' title='bbox 517 2038 588 2101; x_wconf 89' lang='lat' dir='ltr'><strong>erit.</strong></span> <span class='ocrx_word' id='word_1_105' title='bbox 608 2041 715 2104; x_wconf 87' lang='lat' dir='ltr'><strong>Semel</strong></span> <span class='ocrx_word' id='word_1_106' title='bbox 726 2049 817 2122; x_wconf 88' lang='lat' dir='ltr'><strong>ortus</strong></span> <span class='ocrx_word' id='word_1_107' title='bbox 831 2040 868 2102; x_wconf 90' lang='lat' dir='ltr'><strong>in</strong></span> <span class='ocrx_word' id='word_1_108' title='bbox 885 2060 1000 2103; x_wconf 88' lang='lat' dir='ltr'><strong>omnes</strong></span> 
     </span>
     <span class='ocr_line' id='line_1_17' title="bbox 96 2145 1060 2230; baseline -0.007 -17"><span class='ocrx_word' id='word_1_109' title='bbox 96 2153 126 2214; x_wconf 85' lang='lat' dir='ltr'><strong>It</strong></span> <span class='ocrx_word' id='word_1_110' title='bbox 141 2149 259 2230; x_wconf 87' lang='lat' dir='ltr'><strong>timor,</strong></span> <span class='ocrx_word' id='word_1_111' title='bbox 273 2157 305 2210; x_wconf 94' lang='lat' dir='ltr'><strong>et</strong></span> <span class='ocrx_word' id='word_1_112' title='bbox 316 2145 390 2209; x_wconf 82' lang='lat' dir='ltr'><strong>fatis</strong></span> <span class='ocrx_word' id='word_1_113' title='bbox 404 2147 498 2208; x_wconf 91' lang='lat' dir='ltr'><strong>datus</strong></span> <span class='ocrx_word' id='word_1_114' title='bbox 513 2153 559 2206; x_wconf 88' lang='lat' dir='ltr'><strong>cst</strong></span> <span class='ocrx_word' id='word_1_115' title='bbox 569 2164 630 2226; x_wconf 92' lang='lat' dir='ltr'><strong>pro</strong></span> <span class='ocrx_word' id='word_1_116' title='bbox 649 2146 786 2206; x_wconf 89' lang='lat' dir='ltr'><strong>Caesare</strong></span> <span class='ocrx_word' id='word_1_117' title='bbox 804 2163 927 2208; x_wconf 89' lang='lat' dir='ltr'><strong>cursus.</strong></span> <span class='ocrx_word' id='word_1_118' title='bbox 1000 2145 1060 2222; x_wconf 70' lang='lat'><strong>544</strong></span> 
     </span>
     <span class='ocr_line' id='line_1_18' title="bbox 136 2250 1059 2338; baseline -0.007 -19"><span class='ocrx_word' id='word_1_119' title='bbox 136 2259 283 2324; x_wconf 86' lang='lat' dir='ltr'><strong>Ventum</strong></span> <span class='ocrx_word' id='word_1_120' title='bbox 296 2263 366 2316; x_wconf 90' lang='lat' dir='ltr'><strong>erat</strong></span> <span class='ocrx_word' id='word_1_121' title='bbox 381 2254 424 2314; x_wconf 87' lang='lat' dir='ltr'><strong>ad</strong></span> <span class='ocrx_word' id='word_1_122' title='bbox 434 2253 536 2314; x_wconf 89' lang='lat' dir='ltr'><strong>robur</strong></span> <span class='ocrx_word' id='word_1_123' title='bbox 551 2250 679 2338; x_wconf 86' lang='lat' dir='ltr'><strong>Magni,</strong></span> <span class='ocrx_word' id='word_1_124' title='bbox 697 2251 888 2334; x_wconf 84' lang='lat' dir='ltr'><strong>mediasque</strong></span> <span class='ocrx_word' id='word_1_125' title='bbox 904 2262 1059 2318; x_wconf 84' lang='lat' dir='ltr'><strong>catervas.</strong></span> 
     </span>
    </p>

    <p class='ocr_par' dir='ltr' id='par_1_6' title="bbox 96 2358 979 2652">
     <span class='ocr_line' id='line_1_19' title="bbox 97 2358 936 2448; baseline -0.004 -23"><span class='ocrx_word' id='word_1_126' title='bbox 97 2364 197 2448; x_wconf 80' lang='lat' dir='ltr'><strong>Quod</strong></span> <span class='ocrx_word' id='word_1_127' title='bbox 212 2371 295 2423; x_wconf 93' lang='lat' dir='ltr'><strong>totos</strong></span> <span class='ocrx_word' id='word_1_128' title='bbox 309 2377 419 2422; x_wconf 92' lang='lat' dir='ltr'><strong>errore</strong></span> <span class='ocrx_word' id='word_1_129' title='bbox 436 2377 523 2444; x_wconf 83' lang='lat' dir='ltr'><strong>vago</strong></span> <span class='ocrx_word' id='word_1_130' title='bbox 534 2358 723 2440; x_wconf 79' lang='lat' dir='ltr'><strong>perfuderat</strong></span> <span class='ocrx_word' id='word_1_131' title='bbox 736 2377 832 2443; x_wconf 86' lang='lat' dir='ltr'><strong>agros</strong></span> <span class='ocrx_word' id='word_1_132' title='bbox 840 2403 851 2439; x_wconf 88' lang='lat'>‚</span> <span class='ocrx_word' id='word_1_133' title='bbox 933 2407 936 2422; x_wconf 89' lang='lat'><strong><em>.</em></strong></span> 
     </span>
     <span class='ocr_line' id='line_1_20' title="bbox 97 2460 979 2544; baseline -0.006 -16"><span class='ocrx_word' id='word_1_134' title='bbox 97 2465 250 2529; x_wconf 89' lang='lat' dir='ltr'><strong>Constitit</strong></span> <span class='ocrx_word' id='word_1_135' title='bbox 263 2463 318 2526; x_wconf 90' lang='lat' dir='ltr'><strong>hic</strong></span> <span class='ocrx_word' id='word_1_136' title='bbox 334 2463 474 2544; x_wconf 88' lang='lat' dir='ltr'><strong>bellum,</strong></span> <span class='ocrx_word' id='word_1_137' title='bbox 491 2462 690 2542; x_wconf 79' lang='lat' dir='ltr'><strong>fortunaque</strong></span> <span class='ocrx_word' id='word_1_138' title='bbox 706 2461 851 2525; x_wconf 89' lang='lat' dir='ltr'><strong>Caesaris</strong></span> <span class='ocrx_word' id='word_1_139' title='bbox 864 2460 979 2525; x_wconf 87' lang='lat' dir='ltr'><strong>haesit.</strong></span> 
     </span>
     <span class='ocr_line' id='line_1_21' title="bbox 96 2566 865 2652; baseline 0 -22"><span class='ocrx_word' id='word_1_140' title='bbox 96 2571 170 2631; x_wconf 89' lang='lat' dir='ltr'><strong>Non</strong></span> <span class='ocrx_word' id='word_1_141' title='bbox 182 2567 253 2631; x_wconf 90' lang='lat' dir='ltr'><strong>illic</strong></span> <span class='ocrx_word' id='word_1_142' title='bbox 271 2587 390 2652; x_wconf 80' lang='lat' dir='ltr'><strong>regum</strong></span> <span class='ocrx_word' id='word_1_143' title='bbox 405 2566 537 2630; x_wconf 80' lang='lat' dir='ltr'><strong>auxiliis</strong></span> <span class='ocrx_word' id='word_1_144' title='bbox 557 2568 695 2629; x_wconf 89' lang='lat' dir='ltr'><strong>collecta</strong></span> <span class='ocrx_word' id='word_1_145' title='bbox 712 2567 865 2630; x_wconf 87' lang='lat' dir='ltr'><strong>iuventus</strong></span> 
     </span>
    </p>

    <p class='ocr_par' dir='ltr' id='par_1_7' title="bbox 3 2655 961 2759">
     <span class='ocr_line' id='line_1_22' title="bbox 3 2655 961 2759; baseline 0.006 -27"><span class='ocrx_word' id='word_1_146' title='bbox 3 2729 4 2732; x_wconf 74' lang='grc'>,</span> <span class='ocrx_word' id='word_1_147' title='bbox 96 2675 185 2737; x_wconf 89' lang='lat' dir='ltr'><strong>Bella</strong></span> <span class='ocrx_word' id='word_1_148' title='bbox 196 2673 296 2758; x_wconf 86' lang='lat' dir='ltr'><strong>gerit,</strong></span> <span class='ocrx_word' id='word_1_149' title='bbox 309 2673 503 2754; x_wconf 77' lang='lat' dir='ltr'><strong>ferrumque</strong></span> <span class='ocrx_word' id='word_1_150' title='bbox 519 2691 637 2738; x_wconf 85' lang='lat' dir='ltr'><strong>manus</strong></span> <span class='ocrx_word' id='word_1_151' title='bbox 654 2655 789 2735; x_wconf 82' lang='lat' dir='ltr'><strong>movere</strong></span> <span class='ocrx_word' id='word_1_152' title='bbox 807 2682 961 2759; x_wconf 84' lang='lat' dir='ltr'><strong>rogatae:</strong></span> 
     </span>
    </p>

    <p class='ocr_par' dir='ltr' id='par_1_8' title="bbox 3 2777 1038 2970">
     <span class='ocr_line' id='line_1_23' title="bbox 3 2777 917 2870; baseline -0.002 -27"><span class='ocrx_word' id='word_1_153' title='bbox 3 2843 5 2870; x_wconf 53' lang='grc' dir='ltr'>Ι</span> <span class='ocrx_word' id='word_1_154' title='bbox 95 2781 156 2844; x_wconf 94' lang='lat' dir='ltr'><strong>Ille</strong></span> <span class='ocrx_word' id='word_1_155' title='bbox 174 2782 266 2848; x_wconf 85' lang='lat' dir='ltr'><strong>locus</strong></span> <span class='ocrx_word' id='word_1_156' title='bbox 281 2779 398 2845; x_wconf 85' lang='lat' dir='ltr'><strong>fratres</strong></span> <span class='ocrx_word' id='word_1_157' title='bbox 415 2778 547 2861; x_wconf 91' lang='lat' dir='ltr'><strong>habuit,</strong></span> <span class='ocrx_word' id='word_1_158' title='bbox 568 2780 661 2841; x_wconf 89' lang='lat' dir='ltr'><strong>locus</strong></span> <span class='ocrx_word' id='word_1_159' title='bbox 680 2777 738 2840; x_wconf 90' lang='lat' dir='ltr'><strong>ille</strong></span> <span class='ocrx_word' id='word_1_160' title='bbox 757 2791 917 2862; x_wconf 88' lang='lat' dir='ltr'><strong>parentes.</strong></span> 
     </span>
     <span class='ocr_line' id='line_1_24' title="bbox 95 2883 1038 2970; baseline -0.006 -20"><span class='ocrx_word' id='word_1_161' title='bbox 95 2886 161 2950; x_wconf 88' lang='lat' dir='ltr'><strong>Hie</strong></span> <span class='ocrx_word' id='word_1_162' title='bbox 171 2887 284 2970; x_wconf 82' lang='lat' dir='ltr'><strong>furor,</strong></span> <span class='ocrx_word' id='word_1_163' title='bbox 301 2884 492 2967; x_wconf 87' lang='lat' dir='ltr'><strong>hierabies,</strong></span> <span class='ocrx_word' id='word_1_164' title='bbox 511 2884 651 2947; x_wconf 87' lang='lat' dir='ltr'><strong>hiesunt</strong></span> <span class='ocrx_word' id='word_1_165' title='bbox 665 2894 720 2945; x_wconf 87' lang='lat' dir='ltr'><strong>tua</strong></span> <span class='ocrx_word' id='word_1_166' title='bbox 735 2883 891 2966; x_wconf 86' lang='lat' dir='ltr'><strong>crimina,</strong></span> <span class='ocrx_word' id='word_1_167' title='bbox 910 2886 1038 2946; x_wconf 83' lang='lat' dir='ltr'><strong>Caesar.</strong></span> 
     </span>
    </p>

    <p class='ocr_par' dir='ltr' id='par_1_9' title="bbox 4 2989 1058 3922">
     <span class='ocr_line' id='line_1_25' title="bbox 4 2989 1058 3080; baseline -0.009 -19"><span class='ocrx_word' id='word_1_168' title='bbox 4 3063 5 3076; x_wconf 17' lang='grc' dir='ltr'>ἢ</span> <span class='ocrx_word' id='word_1_169' title='bbox 95 2999 193 3060; x_wconf 84' lang='lat' dir='ltr'><strong>Hanc</strong></span> <span class='ocrx_word' id='word_1_170' title='bbox 202 2995 296 3080; x_wconf 79' lang='lat' dir='ltr'><strong>fuge,</strong></span> <span class='ocrx_word' id='word_1_171' title='bbox 310 3013 416 3076; x_wconf 90' lang='lat' dir='ltr'><strong>mens,</strong></span> <span class='ocrx_word' id='word_1_172' title='bbox 430 3004 557 3077; x_wconf 89' lang='lat' dir='ltr'><strong>partem</strong></span> <span class='ocrx_word' id='word_1_173' title='bbox 568 2992 664 3074; x_wconf 85' lang='lat' dir='ltr'><strong>belli,</strong></span> <span class='ocrx_word' id='word_1_174' title='bbox 675 2991 884 3071; x_wconf 87' lang='lat' dir='ltr'><strong>tenebrisque</strong></span> <span class='ocrx_word' id='word_1_175' title='bbox 895 2989 1058 3074; x_wconf 86' lang='lat' dir='ltr'><strong>relinque,</strong></span> 
     </span>
     <span class='ocr_line' id='line_1_26' title="bbox 95 3098 914 3188; baseline -0.006 -26"><span class='ocrx_word' id='word_1_176' title='bbox 95 3101 263 3180; x_wconf 90' lang='lat' dir='ltr'><strong>Nullaque</strong></span> <span class='ocrx_word' id='word_1_177' title='bbox 275 3109 440 3188; x_wconf 78' lang='lat' dir='ltr'><strong>tantorum</strong></span> <span class='ocrx_word' id='word_1_178' title='bbox 456 3098 559 3162; x_wconf 87' lang='lat' dir='ltr'><strong>discat</strong></span> <span class='ocrx_word' id='word_1_179' title='bbox 572 3117 626 3158; x_wconf 89' lang='lat' dir='ltr'><strong>rne</strong></span> <span class='ocrx_word' id='word_1_180' title='bbox 645 3106 719 3160; x_wconf 87' lang='lat' dir='ltr'><strong>vate</strong></span> <span class='ocrx_word' id='word_1_181' title='bbox 736 3098 914 3176; x_wconf 81' lang='lat' dir='ltr'><strong>malorum,</strong></span> 
     </span>
     <span class='ocr_line' id='line_1_27' title="bbox 96 3197 897 3289; baseline -0.007 -25"><span class='ocrx_word' id='word_1_182' title='bbox 96 3206 208 3289; x_wconf 80' lang='lat' dir='ltr'><strong>Quam</strong></span> <span class='ocrx_word' id='word_1_183' title='bbox 220 3203 363 3266; x_wconf 88' lang='lat' dir='ltr'><strong>multum</strong></span> <span class='ocrx_word' id='word_1_184' title='bbox 382 3201 478 3266; x_wconf 90' lang='lat' dir='ltr'><strong>bellis</strong></span> <span class='ocrx_word' id='word_1_185' title='bbox 494 3201 591 3263; x_wconf 89' lang='lat' dir='ltr'><strong>liceat</strong></span> <span class='ocrx_word' id='word_1_186' title='bbox 609 3197 778 3280; x_wconf 83' lang='lat' dir='ltr'><strong>civilibus,</strong></span> <span class='ocrx_word' id='word_1_187' title='bbox 798 3209 897 3259; x_wconf 90' lang='lat' dir='ltr'><strong>aetas.</strong></span> 
     </span>
     <span class='ocr_line' id='line_1_28' title="bbox 95 3300 1009 3388; baseline -0.004 -20"><span class='ocrx_word' id='word_1_188' title='bbox 95 3308 149 3368; x_wconf 83' lang='lat' dir='ltr'><strong>Ab</strong></span> <span class='ocrx_word' id='word_1_189' title='bbox 164 3303 273 3388; x_wconf 88' lang='lat' dir='ltr'><strong>potius</strong></span> <span class='ocrx_word' id='word_1_190' title='bbox 285 3313 421 3387; x_wconf 90' lang='lat' dir='ltr'><strong>pereant</strong></span> <span class='ocrx_word' id='word_1_191' title='bbox 435 3303 605 3383; x_wconf 87' lang='lat' dir='ltr'><strong>lacrimae,</strong></span> <span class='ocrx_word' id='word_1_192' title='bbox 621 3311 823 3384; x_wconf 89' lang='lat' dir='ltr'><strong>pereantque</strong></span> <span class='ocrx_word' id='word_1_193' title='bbox 840 3300 1009 3382; x_wconf 73' lang='lat' dir='ltr'><strong>querelae!</strong></span> 
     </span>
     <span class='ocr_line' id='line_1_29' title="bbox 95 3407 918 3497; baseline -0.009 -22"><span class='ocrx_word' id='word_1_194' title='bbox 95 3411 269 3497; x_wconf 82' lang='lat' dir='ltr'><strong>Quidquid</strong></span> <span class='ocrx_word' id='word_1_195' title='bbox 279 3411 317 3474; x_wconf 93' lang='lat' dir='ltr'><strong>in</strong></span> <span class='ocrx_word' id='word_1_196' title='bbox 328 3413 391 3473; x_wconf 89' lang='lat' dir='ltr'><strong>bac</strong></span> <span class='ocrx_word' id='word_1_197' title='bbox 403 3410 474 3476; x_wconf 88' lang='lat' dir='ltr'><strong>acie</strong></span> <span class='ocrx_word' id='word_1_198' title='bbox 493 3409 636 3497; x_wconf 87' lang='lat' dir='ltr'><strong>gessisti,</strong></span> <span class='ocrx_word' id='word_1_199' title='bbox 650 3407 776 3488; x_wconf 80' lang='lat' dir='ltr'><strong>Roma,</strong></span> <span class='ocrx_word' id='word_1_200' title='bbox 792 3409 918 3469; x_wconf 87' lang='lat' dir='ltr'><strong>tacebo.</strong></span> 
     </span>
     <span class='ocr_line' id='line_1_30' title="bbox 96 3511 999 3598; baseline -0.012 -14"><span class='ocrx_word' id='word_1_201' title='bbox 96 3517 163 3584; x_wconf 79' lang='lat' dir='ltr'><strong>Hic</strong></span> <span class='ocrx_word' id='word_1_202' title='bbox 179 3519 313 3598; x_wconf 85' lang='lat' dir='ltr'><strong>Caesar,</strong></span> <span class='ocrx_word' id='word_1_203' title='bbox 325 3515 434 3578; x_wconf 74' lang='lat' dir='ltr'><strong>rabies</strong></span> <span class='ocrx_word' id='word_1_204' title='bbox 448 3516 584 3598; x_wconf 73' lang='lat' dir='ltr'><strong>populi,</strong></span> <span class='ocrx_word' id='word_1_205' title='bbox 604 3513 821 3591; x_wconf 88' lang='lat' dir='ltr'><strong>stimulusque</strong></span> <span class='ocrx_word' id='word_1_206' title='bbox 831 3511 999 3593; x_wconf 85' lang='lat' dir='ltr'><strong>furorum,</strong></span> 
     </span>
     <span class='ocr_line' id='line_1_31' title="bbox 97 3617 1030 3704; baseline -0.001 -22"><span class='ocrx_word' id='word_1_207' title='bbox 97 3623 147 3682; x_wconf 88' lang='lat' dir='ltr'><strong>Ne</strong></span> <span class='ocrx_word' id='word_1_208' title='bbox 159 3641 224 3701; x_wconf 89' lang='lat' dir='ltr'><strong>qua</strong></span> <span class='ocrx_word' id='word_1_209' title='bbox 234 3632 327 3704; x_wconf 88' lang='lat' dir='ltr'><strong>parte</strong></span> <span class='ocrx_word' id='word_1_210' title='bbox 347 3622 399 3682; x_wconf 93' lang='lat' dir='ltr'><strong>sui</strong></span> <span class='ocrx_word' id='word_1_211' title='bbox 412 3632 525 3704; x_wconf 90' lang='lat' dir='ltr'><strong>pereat</strong></span> <span class='ocrx_word' id='word_1_212' title='bbox 542 3623 664 3700; x_wconf 88' lang='lat' dir='ltr'><strong>scelus,</strong></span> <span class='ocrx_word' id='word_1_213' title='bbox 677 3618 810 3703; x_wconf 85' lang='lat' dir='ltr'><strong>agmina</strong></span> <span class='ocrx_word' id='word_1_214' title='bbox 825 3617 950 3678; x_wconf 88' lang='lat' dir='ltr'><strong>circum</strong></span> <span class='ocrx_word' id='word_1_215' title='bbox 1027 3673 1030 3681; x_wconf 83' lang='grc'><em>,</em></span> 
     </span>
     <span class='ocr_line' id='line_1_32' title="bbox 95 3723 969 3815; baseline -0.005 -25"><span class='ocrx_word' id='word_1_216' title='bbox 95 3729 128 3790; x_wconf 93' lang='lat' dir='ltr'><strong>It</strong></span> <span class='ocrx_word' id='word_1_217' title='bbox 142 3749 264 3815; x_wconf 79' lang='lat' dir='ltr'><strong>vagus,</strong></span> <span class='ocrx_word' id='word_1_218' title='bbox 280 3741 379 3809; x_wconf 87' lang='lat' dir='ltr'><strong>atque</strong></span> <span class='ocrx_word' id='word_1_219' title='bbox 396 3729 515 3791; x_wconf 87' lang='lat' dir='ltr'><strong>animis</strong></span> <span class='ocrx_word' id='word_1_220' title='bbox 532 3727 623 3813; x_wconf 82' lang='lat' dir='ltr'><strong>ignes</strong></span> <span class='ocrx_word' id='word_1_221' title='bbox 640 3725 855 3811; x_wconf 85' lang='lat' dir='ltr'><strong>flagrantibus</strong></span> <span class='ocrx_word' id='word_1_222' title='bbox 867 3723 969 3786; x_wconf 80' lang='lat' dir='ltr'><strong>addit.</strong></span> 
     </span>
     <span class='ocr_line' id='line_1_33' title="bbox 98 3829 1058 3922; baseline -0.008 -24"><span class='ocrx_word' id='word_1_223' title='bbox 98 3835 268 3919; x_wconf 87' lang='lat' dir='ltr'><strong>Conspicit</strong></span> <span class='ocrx_word' id='word_1_224' title='bbox 277 3846 310 3900; x_wconf 87' lang='lat' dir='ltr'><strong>ot</strong></span> <span class='ocrx_word' id='word_1_225' title='bbox 320 3835 465 3922; x_wconf 79' lang='lat' dir='ltr'><strong>gladios,</strong></span> <span class='ocrx_word' id='word_1_226' title='bbox 482 3833 541 3915; x_wconf 89' lang='lat' dir='ltr'><strong>qui</strong></span> <span class='ocrx_word' id='word_1_227' title='bbox 553 3831 613 3895; x_wconf 89' lang='lat' dir='ltr'><strong>toti</strong></span> <span class='ocrx_word' id='word_1_228' title='bbox 627 3829 790 3919; x_wconf 85' lang='lat' dir='ltr'><strong>sanguine</strong></span> <span class='ocrx_word' id='word_1_229' title='bbox 804 3837 958 3911; x_wconf 82' lang='lat' dir='ltr'><strong>manent,</strong></span> <span class='ocrx_word' id='word_1_230' title='bbox 1054 3868 1058 3874; x_wconf 84' lang='lat'>·</span> 
     </span>
    </p>
   </div>
   <div class='ocr_carea' id='block_1_5' title="bbox 1254 2860 1261 2894">
    <p class='ocr_par' dir='ltr' id='par_1_10' title="bbox 1254 2860 1261 2894">
     <span class='ocr_line' id='line_1_34' title="bbox 1254 2860 1261 2894; baseline 0 0"><span class='ocrx_word' id='word_1_231' title='bbox 1254 2860 1261 2894; x_wconf 84' lang='lat' dir='ltr'><strong>l</strong></span> 
     </span>
    </p>
   </div>
   <div class='ocr_carea' id='block_1_6' title="bbox 1063 3386 1070 3422">
    <p class='ocr_par' dir='ltr' id='par_1_11' title="bbox 1063 3386 1070 3422">
     <span class='ocr_line' id='line_1_35' title="bbox 1063 3386 1070 3422; baseline 0 0"><span class='ocrx_word' id='word_1_232' title='bbox 1063 3386 1070 3422; x_wconf 77' lang='lat' dir='ltr'><strong>l</strong></span> 
     </span>
    </p>
   </div>
   <div class='ocr_carea' id='block_1_7' title="bbox 0 0 1400 4874">
    <p class='ocr_par' dir='ltr' id='par_1_12' title="bbox 0 0 1400 4874">
     <span class='ocr_line' id='line_1_36' title="bbox 0 0 1400 4874; baseline 0 0"><span class='ocrx_word' id='word_1_233' title='bbox 0 0 1400 4874; x_wconf 95' lang='lat' dir='ltr'><strong> </strong></span> 
     </span>
    </p>
   </div>
  </div>
 </body>
</html>
