2824 4880
349 391 556 458 ursin
595 393 664 458 rx.
704 395 827 474 aur.
1006 419 1066 500 ²²9

93 539 237 622 Separat
251 537 423 622 ardentem
441 537 551 622 tepida
565 536 757 604 Berenicida
769 539 883 624 Lepti,
935 533 937 537 ’

92 645 235 731 Ignorat
247 646 400 711 frondent
415 646 506 709 solus
515 667 633 711 nemus
647 646 781 710 abstulit
794 649 973 714 Hammon.

93 752 266 817 Silvarum
275 753 350 818 fons
362 773 461 818 causa
476 757 569 838 loco,
586 756 646 838 qui
664 756 776 840 putria
792 767 897 822 terrae

91 859 245 946 Adligat,
263 870 297 924 et
309 860 451 926 domitas
463 863 555 926 unda
565 863 731 926 connectit
743 881 871 926 arenas.

91 959 148 1023 Sic
157 980 293 1042 quoque
303 959 351 1024 nil
362 963 469 1026 obstat
478 963 628 1044 Phoebo,
643 983 720 1024 cum
731 963 866 1030 cardine
877 983 1009 1030 summo

91 1067 164 1130 Stat
172 1066 297 1132 librata
308 1065 378 1132 dies
386 1087 402 1132 a·
411 1078 568 1134 truncum
575 1069 632 1132 vix
645 1068 789 1158 protegit
802 1073 922 1134 arbor:

92 1172 181 1234 Tam
190 1171 302 1236 brevis
313 1170 352 1236 in
360 1174 512 1243 medium
526 1176 627 1242 radiis
637 1176 850 1260 compellitur
858 1181 988 1242 umbra.

91 1279 305 1362 Deprensum
315 1291 362 1344 est
371 1282 461 1346 bunc
472 1303 541 1347 esse
554 1285 682 1366 locum,
693 1301 759 1365 qua
772 1282 915 1348 diculus
925 1285 985 1350 alti

92 1382 235 1448 Solstitii
248 1383 397 1449 medium
405 1387 577 1474 signorum
591 1387 734 1470 percutit
750 1389 878 1451 orbem.

91 1493 172 1555 Non
183 1490 322 1574 obliqua
333 1503 460 1575 meant,
476 1514 539 1556 neo
553 1495 665 1556 Tauro
683 1491 839 1577 Scorpius
853 1492 926 1557 exit
984 1545 987 1557 ,,

9 1665 13 1674 ,
92 1593 246 1678 Rectior,
266 1606 324 1660 aut
340 1595 433 1661 Aries
446 1599 550 1662 donat
561 1619 620 1663 sua
638 1603 789 1683 tempora
800 1598 938 1683 Librae,
1016 1603 1022 1614 ’

91 1705 163 1768 Aut
177 1706 313 1768 Astraea
325 1703 418 1777 iubet
428 1705 535 1768 lentos
549 1706 748 1768 descendere
764 1703 882 1768 Pisces.

92 1816 162 1877 Par
172 1812 321 1878 Geminis
330 1811 472 1895 Chiron,
482 1823 515 1876 et
525 1811 616 1876 idem
624 1813 716 1894 quod
726 1811 884 1876 Carcinos
894 1815 1015 1878 ardeus

93 1914 263 1978 Humidus
273 1917 476 2001 Aegoceros:
490 1937 552 1979 nec
563 1917 638 1998 plus
651 1915 719 1978 Leo
734 1913 863 1978 tollitur
876 1917 979 1978 Urna.

92 2025 139 2086 At
151 2021 228 2104 tibi,
241 2039 460 2102 quaecunque
474 2042 509 2086 es
517 2020 645 2103 libyco
653 2041 735 2107 gens
749 2019 827 2108 igne
837 2020 981 2084 diremta
1002 2023 1062 2085 5³8

91 2128 136 2196 In
149 2129 261 2191 Notou
269 2129 391 2192 umbra
401 2127 505 2210 cadit,
518 2136 552 2190 et
565 2145 651 2206 quae
659 2125 757 2190 nobis
771 2125 837 2188 exit
846 2125 883 2188 in
893 2128 1032 2208 Arcton,

94 2239 150 2299 Te
159 2235 269 2323 segnis
286 2237 460 2319 Cynosura
472 2233 575 2298 subit:
593 2244 629 2297 tu
644 2233 732 2298 sicea
741 2235 912 2318 profundo

94 2343 205 2431 Mergi
218 2341 749 2428 plaustraputas5‚nullumque'in
762 2341 886 2406 vertice
901 2361 1034 2426 semper
1089 2365 1092 2372 ⁴

94 2448 194 2513 Sidus
203 2447 305 2512 habes
312 2445 464 2511 immune
473 2443 590 2528 maris,
603 2445 803 2529 proculaxis
813 2455 954 2528 uterque
964 2455 1027 2534 est,
1089 2453 1093 2460 '

93 2553 137 2615 Et
149 2549 230 2639 iuga
237 2549 412 2638 signorum
421 2549 534 2613 medio
545 2548 761 2633 rapitomnia
779 2550 884 2612 coelo}

95 2661 235 2744 Stabant
246 2667 323 2722 ante
333 2659 420 2722 iores
430 2655 564 2740 populi,
581 2676 663 2738 quos
679 2655 815 2720 miserat
824 2658 902 2740 Eos,

36 2798 44 2808 ·
95 2760 340 2847 Cornigerique
351 2758 440 2824 Iovis
456 2757 587 2822 monitu
598 2781 686 2824 nova
698 2761 766 2825 fata
776 2765 953 2844 petebante

94 2869 164 2932 Sed
172 2866 267 2932 latio
277 2885 401 2932 cessere
415 2865 509 2931 duci:
526 2865 728 2947 comitesque
740 2860 900 2930 Catonem

96 2973 221 3057 Orant,
240 2975 389 3058 exploret
404 2971 571 3055 Libycum
587 2980 770 3035 memorata
784 2993 846 3054 per
858 2971 976 3042 orbem
1034 2973 1038 2980 ’

96 3076 261 3159 Numina,
273 3079 315 3140 de
330 3076 423 3139 fama
435 3085 504 3140 tam
516 3073 610 3162 longi
627 3073 753 3137 iudicet
767 3072 852 3137 aevi.

95 3183 265 3248 Maximus
279 3185 431 3248 hortator
446 3181 617 3248 scrutandi
635 3201 718 3244 voce
734 3182 887 3244 Deorum

98 3289 245 3351 Eventus
255 3287 423 3350 Labienus
434 3294 514 3349 erat.
532 3285 609 3348 Sors
623 3283 759 3364 obtulit,
777 3281 902 3365 inquit,

99 3393 141 3455 Et
150 3393 285 3458 fortuna
302 3392 389 3474 viae,
404 3381 473 3456 tam
484 3390 759 3478 magninuminis
776 3409 848 3470 ora,

101 3501 354 3582 Consiliumque
367 3500 444 3564 Deis
464 3508 557 3562 tanto
574 3499 658 3561 duce
673 3511 848 3580 possumus
866 3494 917 3562 uti

99 3611 166 3672 Per
174 3611 300 3693 Syrtes,
317 3607 464 3688 bellique
475 3609 569 3668 datos
586 3623 784 3690 cognoscere
801 3622 905 3668 casus.
992 3653 994 3658 ,

99 3716 191 3776 Nam
204 3713 259 3777 cui
273 3711 470 3776 crediderim
482 3713 626 3794 Superos
642 3729 762 3774 arcana
781 3709 929 3789 datuurus,
981 3739 984 3744 ·

100 3820 321 3906 Dicturosque
334 3821 457 3912 magis,
475 3841 577 3906 quam
590 3827 706 3888 sancto
717 3837 797 3883 vera
815 3815 954 3882 Catoni?
