2790 4874
382 438 439 500 nr
636 425 1073 492 rnansssran
1168 443 1290 509 aaa

379 565 560 653 Naufragio
576 567 702 630 verine
717 566 816 630 volet.
838 562 910 626 Iam
928 583 1010 628 roca
1028 562 1160 627 doloris

379 677 546 740 Utendum
558 684 624 737 eat:
639 693 708 736 non
721 693 762 735 ex
777 689 884 754 aequo
902 671 1072 736 divisimus
1088 673 1216 736 orbam.

380 779 517 862 Epirum
533 781 716 859 Caesarque
729 787 832 860 tenet,
846 787 996 857 totusque
1008 777 1162 838 Senatus:

380 886 559 954 Ausoniam
576 895 611 948 tu
629 887 718 949 solus
730 886 841 948 habes.
856 881 917 946 His
933 892 1048 962 terque
1067 890 1248 962 quaterque

381 995 527 1069 Vocibus
539 992 681 1057 excitum
695 1001 869 1075 postquam
885 1008 1009 1052 cessare
1024 987 1172 1065 videbat,
1270 1044 1275 1057 ,

381 1098 470 1160 Dum
484 1117 519 1159 sc
535 1097 645 1158 deesse
655 1093 751 1175 Deis,
761 1103 795 1155 at
810 1113 879 1157 non
891 1091 955 1156 sibi
966 1089 1259 1172 numiua,‘ereditr

382 1204 504 1286 Sponte
521 1221 581 1284 per
595 1199 740 1262 incautas
755 1199 855 1260 audet
875 1207 1000 1260 tentare
1017 1197 1184 1277 tenebras,
1381 1179 1382 1268 l

383 1307 484 1390 Quod
500 1303 581 1366 iussi
598 1301 751 1381 timuere,
765 1301 904 1378 lretnm5
917 1297 1090 1364 temeraria
1106 1319 1216 1382 prono

383 1415 542 1494 Expertus
562 1411 691 1475 cessisse
709 1413 798 1474 Deo:
814 1411 995 1490 fluctusque
1010 1409 1172 1472 verendos
1381 1471 1382 1502 ¹

384 1518 561 1598 classibus,
575 1517 694 1602 exigua
706 1525 815 1599 sperat
824 1535 977 1598 superare
993 1516 1116 1578 carina.

423 1624 572 1687 Solverat
589 1641 759 1684 armorum
773 1622 870 1686 fessas
882 1642 950 1684 nox
967 1605 1125 1710 languida
1139 1642 1248 1706 curas,

385 1729 491 1796 Parva
507 1727 599 1811 quies
612 1726 756 1804 miserim
771 1727 808 1788 in
824 1747 966 1807 quonam
979 1738 1112 1811 pectora
1128 1747 1245 1791 somno

384 1835 452 1898 Dat
468 1833 555 1900 vires
569 1833 701 1898 fortuna
713 1833 840 1896 minor:
859 1832 926 1896 iam
942 1843 1046 1896 castra
1060 1817 1216 1911 siblsantss⁸
1260 1853 1263 1858 ·

384 1937 497 2000 Tertia
513 1936 581 1998 iam
599 1935 716 2022 vigiles
734 1943 956 1998 commoverat
969 1935 1052 1995 hora
1065 1927 1239 1996 secundos:

1381 1685 1382 1724 t

1381 1731 1382 1800 l

1381 1803 1382 1860 l

386 2041 505 2100 Caesar
521 2036 662 2100 sollicito
675 2058 735 2120 per
752 2044 843 2099 uasta
856 2034 986 2101 silentia
1003 2055 1115 2122 gressu
1381 2085 1382 2132 1

386 2143 453 2206 Vix
466 2143 598 2206 famulis
610 2128 762 2204 audenda
777 2150 886 2222 parat3
900 2136 1088 2218 cunctisque
1104 2133 1238 2216 relictis,
1273 2133 1324 2216 509
1381 2169 1382 2224 ἢ

299 2281 303 2294 ‹
387 2237 464 2310 sola
480 2249 587 2331 placet
605 2249 748 2306 Fortuna
765 2263 883 2309 comes.
902 2241 1058 2320 Tentoria
1074 2250 1246 2324 postquam

387 2356 558 2439 Egressus,
573 2349 712 2438 vigilum
730 2371 847 2448 somno
866 2349 1015 2412 cedentia
1031 2351 1181 2411 membra
1222 2368 1227 2375 ·

388 2459 584 2541 Transiluit,
603 2468 734 2540 questus
751 2447 850 2548 tacite
864 2459 953 2538 quod
969 2457 1082 2520 fallere
1096 2464 1219 2539 posset;
1240 2498 1243 2504 -

388 2564 502 2643 Litora
518 2585 619 2626 curva
631 2563 725 2650 legit,
740 2562 921 2646 primisque
940 2560 1067 2626 invenit
1082 2564 1119 2627 in
1134 2563 1231 2628 undis

389 2669 540 2753 Rupibus
556 2669 658 2732 exesis
673 2673 862 2734 haerentem
874 2669 954 2734 fune
971 2668 1129 2733 carinam.

389 2779 562 2840 Rectorem
580 2775 819 2860 dominumque
829 2777 908 2843 ratis
919 2795 1035 2840 secura
1047 2771 1180 2838 tenellat

390 2883 491 2946 Haud
504 2883 621 2964 procul
637 2881 860 2964 incedemus,
877 2901 945 2944 non
956 2875 1028 2943 ullo
1043 2883 1163 2944 robore
1180 2879 1276 2960 fulta,

391 2985 455 3046 sed
465 2982 570 3046 sterili
585 2981 704 3064 iunco,
721 3002 892 3064 cannaque
907 2981 1031 3045 intexta
1049 2981 1206 3064 palustri,

306 3129 309 3140 ·
391 3089 432 3152 Et
443 3087 528 3150 latus
541 3087 671 3162 inversa
686 3091 814 3154 nudum
827 3079 952 3150 munita
967 3089 1113 3171 phaselo.
1277 3157 1279 3162 .

391 3197 483 3259 Haec
500 3193 618 3258 Caesar
629 3197 680 3260 bis
695 3208 808 3276 terque
820 3217 920 3258 mann
934 3194 1120 3276 quassantia
1135 3205 1253 3259 tectum

391 3297 523 3364 Limina
536 3299 722 3364 commovit.
741 3299 836 3362 Molli
851 3299 1017 3386 consurgit
1035 3301 1205 3381 Amyclas,
1233 3323 1235 3330 ’

393 3407 501 3489 Quem
508 3407 607 3470 dabat
612 3407 697 3496 alga,
704 3415 785 3468 toro.
793 3405 952 3490 Quisnam
958 3405 1220 3491 meanaulragus‚
1225 3396 1328 3482 inquil,

393 3509 492 3570 Tecta
506 3511 607 3593 petit?
617 3521 674 3573 aut
684 3529 782 3592 quem
800 3519 930 3572 nostrae
942 3511 1086 3573 Fortuna
1099 3508 1205 3596 cotr'git

393 3611 562 3685 Auxilium
573 3627 704 3698 sperare
716 3615 829 3680 casae?
845 3617 898 3680 sie
909 3615 994 3679 fatris
1003 3658 1013 3698 ,
1023 3619 1065 3680 ab
1079 3617 1148 3678 alto

392 3716 535 3800 Aggere,
552 3716 619 3780 iam
633 3719 762 3802 tepidae
778 3723 908 3784 sublato
926 3721 1171 3804 lucernulae,

394 3819 577 3887 Scintillam
590 3833 723 3890 tenuem
738 3839 919 3894 commotos
933 3829 1026 3914 pavit
1043 3794 1094 3910 J
1095 3825 1205 3918 ignes,
