2788 4880
372 340 412 456 aa
629 387 1069 454 ruansaarau
1161 389 1285 468 aeg.

370 533 475 594 Fluxa
490 529 642 595 coloratis
657 517 867 615 'adstringunt
888 529 1023 590 carhasa
1036 524 1197 612 gemmis.¹

372 635 504 719 Quique
518 654 592 698 suas
605 644 752 696 struxere
768 651 884 714 pyras,
906 629 1040 720 vivique
1056 629 1199 696 calentes

372 741 597 802 Conscendere
612 757 720 823 rogos.
739 739 821 818 Pro,
839 746 965 816 quante
977 743 1025 796 est
1038 731 1145 820 gloria
1157 728 1249 815 genti
1256 750 1274 810 ,¹
1388 765 1389 784 r

370 845 524 909 Iniecisse
539 861 677 908 manum
697 844 789 925 fatis,
816 843 950 922 vitaque
971 843 1112 924 repletos
1118 880 1134 922 ,·.

371 952 471 1036 Quod
492 939 659 1032 superest,
677 951 814 1014 donase
833 947 929 1011 Deis!
948 951 1077 1013 Venere
1094 946 1220 1041 feroces

371 1057 597 1138 Cappadoces,
613 1054 689 1118 dtrri
707 1039 851 1137 populus
868 1073 957 1115 nunc
977 1053 1085 1115 cultor
1106 1048 1246 1130 Amani,

371 1153 745 1236 Armeniusquetenens
768 1157 957 1218 volventem
980 1173 1059 1218 saxa
1078 1150 1270 1236 Niphatem:

370 1257 512 1318 Aethera
530 1263 702 1340 tangentes
716 1255 815 1319 silvas
832 1255 958 1336 liquere
977 1258 1139 1320 Coastrae.

370 1356 528 1442 ignotum
544 1359 653 1438 vohis,
675 1359 816 1438 Arabes,
834 1357 968 1420 venistis
985 1357 1022 1420 in
1039 1361 1170 1442 orbem,

371 1464 514 1524 Umbras
533 1461 644 1524 mirati
661 1481 835 1526 nemorum
856 1481 926 1524 non
945 1461 994 1524 ire
1010 1461 1167 1526 sinistras.

375 1571 470 1632 Tune
493 1571 587 1633 furor
607 1579 768 1632 extremos
787 1567 891 1630 movit
910 1570 1078 1630 Romanus
1094 1572 1252 1658 Hermas,

371 1676 615 1754 Carmanosque
633 1675 748 1756 duces,
768 1693 912 1754 quorum
932 1675 1075 1738 devexus
1093 1674 1130 1738 iu
1151 1679 1307 1742 Austrum

329 1847 338 1866 ⁸
372 1781 508 1860 Aether,
525 1801 594 1842 non
616 1791 716 1844 totam
739 1781 846 1866 mergi
866 1791 976 1844 tamen
998 1782 1136 1866 adspicit
1147 1771 1289 1862 Arcton3

372 1883 475 1944 Lucet
494 1891 526 1944 et
544 1883 663 1969 exigua
679 1885 777 1946 velox
795 1882 846 1946 ibi
865 1893 961 1946 nocte
981 1887 1116 1950 Bootes'

357 1990 364 2076 .¹
373 1986 639 2070 Aethiopumque
653 1993 779 2072 solum,
795 1992 886 2071 quod
899 2011 968 2060 non
984 2003 1188 2075 premeretur
1200 1995 1244 2056 ah
1258 1991 1328 2054 ulla

372 2089 528 2175 Signiferi
546 2094 682 2178 regione
701 2093 785 2176 poli,
805 2092 885 2174 nisi,
905 2093 1033 2175 poplite
1052 2095 1163 2177 lapso,
1271 2096 1330 2169 254

374 2195 500 2258 Ultima
516 2197 641 2258 curvati
657 2197 849 2280 procederet
867 2196 995 2280 ungula
1015 2195 1125 2258 Tauri.

375 2297 514 2379 Quaque
533 2309 630 2378 caput
646 2297 763 2380 rapido
780 2296 864 2361 tollit
884 2297 960 2360 cum
981 2296 1116 2383 Tigride
1132 2319 1274 2384 magnus

375 2403 573 2485 Euphrates,
594 2423 676 2484 quos
696 2423 765 2466 nou
784 2403 920 2469 diversis
939 2405 1085 2471 fontibus
1103 2407 1170 2470 edit

291 2579 296 2581 ‚
375 2499 497 2590 Persis,
518 2518 550 2570 et
567 2509 750 2590 incertum,
770 2495 866 2574 tellus
884 2510 1061 2574 simisceat
1083 2531 1212 2594 amnes,

283 2604 286 2612 ’
375 2615 475 2696 Quod
493 2614 603 2696 potius
615 2614 656 2678 sit
668 2633 795 2680 nomen
809 2613 913 2696 aquis.
933 2615 997 2678 Sed
1012 2619 1143 2698 sparsus
1161 2615 1197 2679 iu
1213 2607 1313 2703 agros

374 2716 505 2782 Fertilis
521 2718 701 2798 Euphrates
716 2715 855 2779 Phariae
872 2715 945 2778 vice
960 2717 1111 2802 fungitur
1126 2721 1252 2784 undae:

375 2821 416 2880 At
432 2817 559 2904 Tigrim
576 2817 685 2883 subito
708 2819 803 2880 tellus
820 2820 971 2884 absorbet
989 2820 1098 2902 hiatu,
1125 2885 1127 2896 ,

303 2970 317 2983 2
378 2924 601 3004 Occultosque
615 2921 695 3008 tegit
714 2941 842 3004 cursus,
866 2945 1044 3004 rursusque
1060 2937 1212 2990 renatum

377 3030 481 3092 Fonte
502 3049 591 3092 novo
611 3031 735 3091 flumen
752 3029 864 3116 pelagi
877 3049 946 3094 non
963 3034 1105 3120 abnegat
1123 3035 1232 3100 undu.

418 3138 511 3200 Inter
526 3130 699 3200 Caesareas
717 3133 819 3216 acies,
842 3135 1035 3226 diversaque
1054 3139 1149 3226 sigua

377 3245 547 3328 Pugnaces
566 3241 705 3306 dubium
720 3241 832 3304 Parthi
852 3250 984 3306 tenuere
1006 3244 1172 3326 favorem,

380 3349 533 3412 Contenti
544 3347 669 3442 'fecisse
687 3350 779 3412 duos.
799 3347 940 3412 Tinxere
959 3349 1091 3436 sagittas
1133 3345 1147 3406 ’-

379 3454 533 3516 Errantes
549 3451 701 3536 Scythiae
720 3452 857 3536 populi,
879 3473 960 3533 quos
980 3453 1112 3540 gurgite
1132 3457 1265 3520 Bactros

379 3555 525 3632 Includit
543 3556 669 3644 gelide,
688 3555 853 3638 vastisque
868 3557 1037 3640 Hyrcania
1049 3558 1149 3622 silvis.

380 3659 469 3724 Hinc
487 3661 758 3746 Lacedaemonii,
773 3674 865 3726 moto
881 3682 964 3750 gens
985 3684 1100 3748 aspera
1114 3665 1231 3747 freno,

381 3765 565 3848 Heniochi,
584 3768 752 3854 saevisque
770 3767 887 3838 adfinis
902 3773 1049 3838 Sarmata
1064 3771 1228 3855 Moschis,
