2824 4880
705 103 724 174 l

375 375 435 437 2⁵0
625 317 1075 437 rnainsscrla
1194 386 1293 452 224,

373 527 577 609 Regnemus,
589 519 801 604 Zephyrique
811 521 942 603 domos,
953 531 1311 605 terrasqueprcmamus

373 626 557 712 Flagrantis
568 633 641 709 post
652 633 742 710 terga
753 622 847 700 Noti;
866 625 1021 687 cedemus
1036 625 1073 687 in
1084 636 1178 690 ortus
1392 645 1393 656 ¹

372 733 567 796 Arsacidum
581 730 729 794 domino.
742 731 817 792 Non
827 728 908 792 lelix
921 729 1056 792 Parthia
1067 731 1205 815 Crassis,

372 834 518 921 Exiguae
532 853 647 898 secura
661 832 724 896 fuit
740 832 914 916 provincia
930 834 1051 896 Pellae.

412 939 483 998 Iam
496 936 666 999 Pelusiaco
680 935 817 1000 veniens
836 937 998 1024 egurgite
1018 939 1087 1002 Nili

372 1043 445 1105 Rex
458 1063 557 1124 puer,
569 1040 714 1105 imbellis
729 1040 847 1123 populi
860 1043 1032 1106 sedaverat
1047 1045 1131 1128 iras,

374 1147 497 1212 Obside
512 1170 580 1230 quo
594 1148 686 1232 pacis
698 1149 830 1211 Pellaea
845 1157 934 1212 tutus
949 1147 986 1212 in
1003 1150 1082 1212 aula

374 1258 493 1320 Caesar
509 1265 597 1318 erat:
619 1276 695 1318 cum
708 1275 743 1318 se
756 1274 860 1337 parva
874 1257 1051 1338 Cleopatra
1069 1257 1207 1342 biremi,

374 1364 538 1443 Corrupto
560 1361 694 1422 custode
710 1358 810 1425 Phari
825 1360 938 1421 laxare
952 1369 1103 1442 catenas,

372 1465 489 1528 intulit
506 1463 680 1545 Emathiis,
702 1463 821 1548 ignaro
835 1465 990 1546 Caesare,
1008 1463 1116 1543 tectis3

373 1573 524 1636 Dedecus
537 1571 697 1658 Aegypti,
717 1570 803 1633 Latii
815 1570 928 1634 feralis
940 1571 1101 1654 Erinnys,

372 1677 526 1738 Romano
545 1695 613 1738 non
628 1685 714 1738 casta
731 1675 830 1736 malo.
850 1676 1021 1760 Quantum
1031 1673 1166 1758 impulit
1176 1665 1292 1760 Argos,

372 1781 555 1862 Iliacasque
569 1784 685 1844 domos
698 1780 780 1843 facie
793 1781 955 1863 Spartana
968 1780 1119 1862 nocenti,

324 1869 326 1876 ¹
372 1886 550 1970 Hesperios
563 1887 655 1948 auxit
671 1895 799 1950 tantum
814 1887 990 1968 Cleopatra
1003 1885 1143 1948 furores.

373 1995 506 2056 Terruit
516 1993 577 2058 illa
593 2013 669 2075 suo,
687 1993 715 2056 si
733 1995 798 2074 fas,
815 1990 979 2074 Capitolia
990 1991 1103 2074 sistro,

296 2158 303 2175 ,
373 2100 414 2161 Et
425 2101 576 2162 Romana
587 2091 669 2182 petit
681 2097 810 2160 imbelli
821 2096 918 2183 signa
934 2098 1091 2178 Canopo,
1292 2096 1325 2169 64

375 2211 513 2270 Caesare
531 2206 662 2288 captivo
682 2204 819 2267 Pharios
836 2205 976 2268 ductura
994 2203 1198 2285 triumphos:

373 2311 605 2391 Leucadioque
619 2311 683 2372 tuit
695 2310 816 2372 dubius
834 2309 896 2372 sub
906 2306 1042 2394 gurgite
1057 2329 1166 2391 casus,

374 2420 424 2480 An
436 2418 600 2478 mundum
614 2435 656 2476 ne
669 2423 781 2476 nostra
796 2411 934 2493 quidem
947 2424 1098 2494 matrona
1112 2421 1246 2485 teneret.

373 2523 447 2583 Hoc
462 2519 566 2582 animi
577 2539 644 2583 nox
656 2519 715 2582 illa
725 2518 834 2600 dedit,
848 2537 934 2600 quae
946 2517 1056 2602 prima
1072 2517 1175 2582 cubili

372 2628 507 2692 Miscuit
523 2628 682 2693 incestam
699 2626 838 2690 ducibus
852 2627 1056 2690 Ptolemaida
1075 2625 1204 2690 nostris.

374 2733 457 2820 Quis
470 2734 531 2797 tibi
542 2735 657 2798 vesani
669 2733 802 2797 veniam
818 2753 888 2796 non
905 2735 1006 2797 donet
1022 2732 1164 2814 amoris,

373 2839 650 2920 Antonildurum
670 2863 747 2904 cum
764 2839 911 2904 Caesaris
929 2839 1075 2902 hauserit
1089 2839 1184 2925 ignes

373 2947 505 3029 Pectus,
520 2956 553 3010 et
564 2945 601 3009 in
614 2947 724 3010 media
738 2947 847 3028 rabie,
862 2944 1038 3026 medioque
1052 2945 1182 3026 furore,

373 3053 414 3114 Et
427 3053 636 3136 Pompeianis
650 3052 799 3116 habitata
814 3051 967 3116 manibus
985 3052 1080 3132 aula,

373 3159 543 3245 Sanguine
555 3159 760 3224 Thessalicae
778 3159 882 3226 cladis
900 3157 1052 3245 perfusus
1068 3157 1200 3220 adulter

372 3263 514 3328 Admisit
527 3269 691 3330 Venerem
703 3259 804 3347 curis,
824 3275 857 3327 et
868 3263 1001 3326 miscuit
1017 3263 1119 3328 armis

372 3369 577 3452 Illicitosque
593 3380 697 3454 toros,
714 3381 747 3434 et
761 3375 831 3432 non
850 3391 892 3434 ex
906 3370 1048 3456 coniuge
1061 3372 1199 3453 partus?

372 3477 438 3537 Pro
457 3477 583 3556 pudori
604 3475 726 3540 oblitus
740 3475 875 3561 Magni,
895 3474 971 3557 tibi,
986 3476 1085 3558 Iulia,
1102 3477 1219 3542 tratres
1392 3481 1393 3530 l

374 3577 549 3640 Obscoena
563 3580 609 3652 de¹
621 3589 726 3642 matre
738 3579 846 3642 dedit:
866 3590 1041 3662 partesque
1058 3581 1189 3666 fugatas
1392 3549 1393 3624 i

372 3679 488 3742 Passus
500 3678 537 3742 in
550 3682 705 3746 extremis
716 3684 844 3766 Libyae
861 3685 1042 3748 coalescere
1059 3683 1187 3771 regnis,
1301 3727 1306 3735 ι

372 3784 539 3870 Tempora
549 3786 681 3852 Niliaco
701 3789 806 3874 turpis
820 3789 977 3874 dependit
994 3787 1115 3874 amori,
1205 3779 1210 3786 ’
