2788 4880
311 372 351 452 a
567 327 1012 467 ruansnuinu
1133 334 1251 428 aa.

309 507 550 592 Oceanumque
566 507 665 592 bibit,
682 518 858 592 raptosque
871 509 914 572 ad
931 509 1049 574 nubila
1064 509 1183 573 fluctus

308 622 466 705 Pertulit,
481 631 514 684 ct
528 621 622 684 coelo
637 617 791 689 defusum
809 619 955 684 reddidit
974 639 1108 700 aequor.

309 733 448 814 lamque
461 733 669 810 Pyrenaeae,
684 747 766 807 quas
779 747 953 808 nunquam
965 729 1094 791 solvere
1106 702 1209 792 Titan

309 838 460 919 Evaluit,
473 835 597 898 fluxere
615 832 726 915 nives,
741 833 913 914 fractoque
930 835 1125 898 madescunt

308 940 396 1003 saxa
410 940 507 1026 gelu:
522 949 608 1021 tum,
626 954 712 1020 quae
726 937 831 1002 solitis
846 959 864 1002 e
878 937 1025 1000 fontibus
1044 937 1125 1022 exit,
1183 999 1187 1006 .

309 1043 386 1106 Non
401 1043 502 1106 habet
517 1043 609 1104 unda
624 1042 733 1104 viam:
744 1050 812 1104 tam
830 1040 938 1126 largas
956 1040 1070 1104 alveus
1084 1041 1195 1108 omnis

310 1149 340 1212 A
356 1147 436 1232 ripis
450 1147 577 1231 accepit
591 1167 703 1228 aquas.
720 1149 792 1210 Iam
809 1145 970 1233 naufraga
991 1165 1110 1229 campo

311 1254 459 1318 Caesaris
476 1273 569 1316 arma
584 1264 716 1336 natant,
730 1255 938 1336 impulsaque
954 1253 1088 1340 gurgite
1104 1258 1212 1344 multo
1263 1265 1266 1275 ’

312 1363 425 1424 Castra
440 1361 573 1424 labant:
594 1362 867 1445 altorestagnaut
886 1358 1025 1422 flumina
1042 1361 1142 1424 vallo.

310 1471 387 1532 Non
403 1487 564 1552 pecorum
577 1478 693 1551 raptus
709 1469 838 1550 facileS,
853 1488 922 1548 non
935 1469 1059 1551 pabula
1072 1457 1173 1535 mersi

311 1573 391 1636 Ulla
409 1573 521 1638 ferunt
539 1573 641 1636 sulci:
660 1581 821 1636 tectarum
831 1555 952 1635 ⁴errore
966 1572 1098 1636 viarum

310 1675 451 1738 Fallitur
466 1677 614 1740 occultos
631 1694 762 1758 sparsus
782 1676 961 1758 populator
974 1676 1010 1738 in
1026 1696 1134 1762 agros.

310 1780 449 1864 Iamque
459 1771 576 1866 ,comes
593 1801 724 1863 semper
737 1799 938 1866 magnorum
958 1779 1068 1863 prima
1081 1782 1251 1846 malorum
1369 1794 1378 1806 '

310 1885 418 1948 Saeva
429 1885 533 1972 fames
549 1888 681 1954 aderat:
696 1887 859 1966 nulloque
876 1889 1024 1950 obsessus
1039 1889 1082 1948 ab
1093 1891 1189 1952 hoste
1287 1949 1290 1958 ,

255 2019 258 2022 ·
312 1991 409 2055 Miles
426 2004 519 2078 eget:
539 2003 607 2056 toto
625 2013 724 2056 censu
738 2011 807 2054 non
821 1993 982 2078 prodigus
1000 1993 1080 2055 emit

310 2096 476 2182 Exiguam
488 2099 653 2160 Cererem.
671 2097 736 2158 Pro
754 2095 840 2160 lucri
855 2096 981 2178 pallida
997 2099 1106 2162 tabes!
1243 2103 1285 2182 96

311 2204 392 2268 Νοιι
405 2205 496 2266 deest
509 2203 667 2284 prolato
653 2201 789 2267 ,ieiunus
802 2203 956 2266 venditor
971 2224 1063 2267 aur0.

311 2306 384 2368 lam
400 2303 521 2366 tumuli
534 2305 700 2384 collesque
714 2288 833 2366 latent:
851 2303 919 2366 iam
932 2305 1072 2369 flumina
1087 2317 1207 2372 cuncta

313 2408 472 2472 Condidit
485 2425 553 2473 urta
565 2411 676 2491 palus,
691 2419 851 2492 vastaque
864 2411 1025 2498 voragine
1040 2415 1162 2479 mersit.
1215 2410 1217 2415 ’
1291 2463 1305 2471 .

312 2516 484 2599 Absorpsit
498 2515 630 2600 penitus
644 2533 760 2598 rupes,
779 2538 818 2579 ac
836 2527 919 2580 tecta
934 2520 1081 2586 ferarum

312 2607 454 2700 Detulit,
473 2631 573 2700 atquc
588 2618 676 2702 ipsas
693 2621 820 2684 hausit:
837 2622 1020 2704 subitisque
1034 2618 1212 2693 frementes

312 2723 504 2790 Vorticibus
522 2723 681 2788 contorsit
700 2747 823 2810 equos,
839 2739 871 2790 et
884 2731 1007 2812 repulit
1022 2745 1131 2798 aestus

312 2827 443 2892 Fortior
456 2829 603 2894 Oceani:
620 2849 682 2894 nec
696 2833 870 2894 Phoebum
888 2853 1024 2921 surgere
1041 2817 1140 2902 sentit

313 2936 390 2997 Nox
403 2936 555 2998 subtexta
571 2937 668 3018 polo:
683 2951 798 3000 rerum
812 2937 1006 3004 discrimina
1023 2942 1139 3006 miscet
1163 2938 1165 2944 ’

308 3042 481 3110 Deformis
494 3043 579 3106 coeli
592 3043 710 3126 facies,
726 3043 924 3126 iunctaeque
943 3050 1107 3111 tenebrae.

313 3149 368 3212 Sic
380 3151 500 3212 mundi
512 3171 588 3234 pars
604 3150 673 3212 ima
691 3149 787 3231 iacet,
808 3171 910 3230 quam
926 3170 1009 3212 zona
1024 3151 1145 3214 nivalis

314 3245 563 3337 Perpetuaeque
578 3266 734 3337 premunt
750 3256 894 3322 hiemes:
908 3272 977 3319 non
993 3257 1101 3320 sidera
1115 3259 1207 3320 coelo

314 3359 393 3422 Ulla
406 3359 510 3441 videt,
522 3359 626 3424 sterili
639 3380 709 3423 non
727 3360 911 3441 quidquam
929 3355 1054 3458 frigore
1069 3363 1192 3450 gignit,

315 3466 380 3526 Sed
395 3466 502 3550 glacie
518 3467 685 3532 medios
659 3488 831 3554 s1gnorum
851 3471 1038 3552 temperat
1028 3493 1130 3557 rgnes.
1270 3449 1271 3454 ἵ

303 3568 421 3650 'Sic,o
401 3590 566 3634 osumme
582 3593 702 3654 parens
723 3573 898 3654 mundi,'
872 3594 919 3636 stc
938 3586 1026 3638 sorte
1038 3575 1183 3638 secunda

315 3676 481 3757 Aequorei
495 3688 604 3746 rector
617 3680 731 3763 facias,
747 3685 915 3767 Neptune,
919 3647 1097 3750 tridentist

316 3779 357 3842 Et
373 3788 407 3842 tu
424 3781 592 3866 perpetuis
608 3783 782 3872 impendas
796 3791 876 3854 adra
895 3786 1037 3852 nimbis.
