2852 4878
344 399 551 484 LIBER
590 405 617 468 1.
657 411 781 490 eloy.
1009 413 1047 478 ιδ

78 543 190 607 Iussus
204 543 327 608 Caesar
340 543 405 632 agi.
428 544 543 632 Quid?
561 545 684 612 simihi
695 551 792 638 signa
804 550 953 620 iacerent

78 651 186 714 Marte
202 651 436 736 sublevem,
453 665 656 738 ruerentque
668 657 706 720 in
719 669 811 746 terga
825 659 953 727 feroces

78 751 255 814 Gallorum
272 753 417 835 populi?
434 755 547 837 Nune,
561 775 637 820 eum
649 759 796 822 Fortuna
808 763 977 828 secundis*

77 859 212 920 Mecum
222 859 323 921 rebus
333 870 427 944 agat,
443 860 629 944 Superique
648 867 692 926 ad
704 887 835 930 summa
845 879 1015 955 vocantes,

76 964 272 1026 Tentamur.
287 965 409 1028 Veniat
426 966 529 1052 longa
545 969 614 1030 dux
627 989 710 1052 paee
727 972 854 1036 solutus

77 1067 184 1146 Milite
203 1089 280 1132 eum
297 1069 424 1154 subito,
438 1067 613 1155 partesque
626 1073 663 1137 in
675 1076 764 1138 bella
779 1087 926 1165 togatae,

78 1177 321 1258 Marcellusque
336 1179 478 1265 loquax,
500 1190 532 1244 et
549 1182 688 1246 nomina
701 1201 805 1267 vana,
822 1188 975 1256 Catones.

78 1278 209 1346 Scilicet
224 1283 366 1346 extremi
380 1286 592 1370 Pompeium,
607 1289 752 1371 emtique
765 1291 903 1367 clientes

80 1388 246 1452 Continuo
260 1409 323 1472 per
339 1399 387 1454 tot
401 1391 570 1456 satiabunt
588 1389 739 1478 tempora
754 1398 882 1482 regno?

78 1492 138 1554 Ille
151 1501 245 1578 reget
256 1513 372 1558 currus
385 1496 537 1560 nondum
552 1495 755 1578 patientibus
767 1497 886 1562 annis?
907 1557 911 1566 .

79 1600 137 1662 Ille
156 1600 261 1664 semel
280 1607 392 1695 raptos
409 1617 584 1679 nunquam
604 1598 746 1664 (limittet
759 1603 929 1668 honores?
1059 1675 1063 1690 ι

80 1701 167 1788 Quid
178 1701 248 1765 iam
260 1721 339 1766 rura
356 1723 477 1784 querar
488 1713 595 1768 totum
608 1725 783 1788 suppressa
793 1725 855 1790 per
866 1707 983 1805 orliem
991 1751 1004 1792 ,

79 1809 122 1870 Ao
136 1805 260 1868 iussam
276 1805 402 1868 servire
419 1807 563 1870 famem?
578 1807 652 1888 quis
663 1817 768 1872 eastra
781 1808 914 1874 timenti

79 1910 186 1974 Nescit
193 1910 299 1974 mixta
312 1912 408 1974 loro?
425 1910 531 1996 gladii
549 1931 627 1974 eum
640 1910 730 1976 triste
741 1911 908 1980 minantes

78 2016 243 2080 Iudicium
258 2015 393 2080 insolita
412 2016 581 2099 trepidum
600 2016 735 2080 diruere
752 2025 893 2102 aurona,

79 2126 200 2205 Atque,
216 2139 298 2186 auso
312 2120 438 2184 medias
449 2139 665 2204 perrumpere
675 2119 782 2184 milite
799 2123 908 2207 leges,
981 2127 1043 2188 ³22

80 2228 280 2314 Pompeiana
293 2249 389 2292 reum
404 2230 595 2292 clauserunt
610 2227 706 2316 signa
720 2227 909 2294 Milonem?
973 2210 978 2222 ’

79 2338 172 2402 Nune
186 2357 322 2418 qnoque
339 2359 382 2402 no
394 2339 517 2404 lassum
538 2347 647 2400 teneat
666 2335 797 2420 privata
812 2349 982 2424 senectus,

79 2446 165 2509 Bella
177 2445 325 2508 nefanda
338 2455 451 2530 parat,
466 2453 578 2509 suetus
594 2443 749 2508 civilibus
765 2443 866 2508 armis
874 2489 885 2527 ,

80 2549 117 2610 Et
129 2547 249 2610 docilis
265 2549 392 2612 Sullam
406 2547 540 2612 sceleris
556 2545 673 2610 vicisse
689 2545 897 2634 magistrum.

79 2652 186 2734 thue
204 2653 296 2716 ferae
316 2651 415 2738 tigres
431 2671 605 2744 nunquam
617 2671 758 2735 posuere
773 2653 942 2736 furorem,

80 2755 166 2838 Quas
174 2756 1042 2842 nemoreHyrcano‚matrumdumlustrasequuutur,

79 2865 168 2927 Altus
185 2881 359 2928 caesorum
374 2863 467 2947 pavit
480 2872 835 2940 cruor-armentorum,

79 2975 170 3038 Sioet
183 2974 360 3038 Sullanum
373 2971 472 3036 solito
488 2970 549 3034 tihi
568 2971 716 3034 lambere
734 2970 863 3034 ferrum

78 3081 197 3162 Durat,
212 3081 350 3165 Magne,
365 3077 452 3142 sitis:
473 3077 587 3139 nullus
603 3077 705 3140 semel
723 3095 783 3138 ore
798 3084 950 3158 receptus

78 3182 224 3244 Pollutas
241 3179 366 3262 patitur
380 3177 515 3266 sanguis
530 3199 759 3247 mansuescere
777 3178 900 3244 lauces.

79 3287 185 3370 Quem
202 3296 315 3350 tamen
331 3284 481 3361 inveniet
497 3295 566 3356 tam
584 3283 686 3374 longa
702 3285 852 3370 potentia
866 3283 989 3347 finem?

78 3391 158 3475 Quis
171 3393 336 3456 soelerum
348 3392 468 3492 modus
479 3391 550 3454 eati
564 3391 755 3456 exhooiam
763 3402 810 3476 te,
829 3391 999 3480 improbe,

342 3537 343 3540 =
689 3517 726 3558 re
772 3514 794 3558 o

76 3608 137 3671 llle
148 3615 225 3672 tuus
235 3607 353 3673 saltem
370 3609 487 3671 doceat
501 3605 700 3669 descendere
713 3515 815 3666 Sgtrlila.

77 3717 155 3780 Post
166 3715 334 3780 Cilicasne
349 3735 469 3802 vagos,
491 3723 525 3776 et
538 3709 614 3776 lassi
628 3707 766 3776 Pontica
780 3706 869 3794 regis

78 3823 221 3908 Proelia,
239 3823 415 3894 barbarico
431 3821 489 3914 vix
509 3828 737 3884 consummata
751 3832 900 3922 veneno,
