2790 4874
361 378 420 438 ηε
619 371 1074 474 rusnslnrln
1149 373 1270 452 mn.

355 522 477 600 Meque
495 523 568 582 tuus
584 513 712 599 decepit
727 531 835 596 amor,
848 513 960 577 civilia
974 514 1063 576 bella
1162 529 1165 538 ¹

357 624 392 687 Si
404 633 550 707 spectare
568 632 680 706 potes:
698 641 775 684 nam
788 643 856 704 me,
869 620 937 684 iam
950 621 1056 684 Marte
1071 627 1204 703 parato,

356 733 494 796 Securos
506 731 628 814 cepisse
641 732 743 813 pudet
762 741 839 794 crttn
857 731 998 818 coniuge
1014 750 1163 811 somnos,

356 843 448 923 Eque
461 851 534 924 tuo,
545 841 700 905 miserum
716 841 865 922 quatient
877 863 953 906 oum
969 841 1104 906 classica
1113 841 1287 924 mundum,

357 947 638 1012 Surrexissesinu.
654 953 779 1014 Vereor
803 949 955 1014 civilibus
971 949 1073 1012 armis

357 1051 553 1134 Pompeium
564 1054 659 1115 nullo
671 1051 795 1116 tristem
811 1053 1014 1116 committere
1029 1056 1162 1118 daumo.

357 1157 474 1220 Tutior
491 1145 615 1220 interea
627 1157 775 1241 populis,
794 1169 827 1220 et
844 1159 945 1222 tutior
960 1161 1053 1224 ouini

357 1265 449 1352 Rege
464 1267 544 1346 late,
556 1263 762 1346 positamque
776 1269 893 1348 procul
905 1267 1040 1332 fortuna
1052 1267 1162 1332 mariti

357 1375 433 1436 Non
451 1383 518 1434 tota
537 1385 567 1434 te
582 1375 671 1434 mole
685 1385 822 1456 premat.
845 1375 879 1438 si
900 1377 1038 1440 numina
1058 1388 1183 1444 nostras
1250 1429 1257 1448 .

359 1481 556 1564 Impulerint
571 1480 671 1562 acies,
682 1491 814 1544 maneat
828 1503 905 1566 pars
924 1485 1050 1567 optima
1065 1487 1191 1572 Magni,
1260 1543 1263 1552 .

311 1613 316 1624 ·
357 1589 470 1670 Sitque
485 1587 585 1670 mihi,
597 1587 626 1650 si
641 1588 708 1650 fata
722 1601 890 1671 premant,
907 1589 1075 1672 victorque
1094 1599 1262 1677 cruentus,
1377 1635 1378 1664 ;

1377 1691 1378 1716 t

358 1701 434 1784 Quo
447 1698 569 1784 fugisse
581 1699 693 1762 velim.
712 1699 778 1764 Vix
790 1711 917 1762 tantum
929 1697 1062 1762 infirma
1075 1702 1225 1764 dolorem

359 1805 468 1889 Cepit,
482 1817 515 1868 et
529 1806 667 1869 attonito
681 1818 847 1890 cesserunt
865 1818 997 1890 pectore
1011 1827 1133 1870 sensus.

358 1916 506 1977 Tandem
521 1925 558 1976 ut
571 1934 638 1980 vox
651 1925 789 1978 moestas
798 1915 905 2000 potuit
918 1916 1067 1999 proferre
1080 1917 1242 1995 querelas:
1251 1919 1302 1996 761
1377 1891 1378 1950 ]

358 2021 414 2086 Nil
430 2021 515 2085 mibi
531 2023 572 2084 de
590 2021 665 2086 fatis
685 2021 834 2103 thalami,
849 2021 1045 2104 superisque
1062 2022 1213 2090 relictum
1224 2033 1296 2102 cst,.

358 2134 495 2218 Magne,
516 2128 626 2210 queri:
649 2139 776 2190 nostros
794 2148 863 2190 non
886 2129 1011 2210 rumpit
1033 2128 1132 2192 funus
1150 2147 1288 2212 amores,

358 2240 425 2300 Nec
444 2237 582 2322 dirifarr
602 2256 731 2298 summa
748 2236 837 2320 rogi,
857 2238 916 2311 sed
937 2245 1023 2299 sorte
1041 2237 1220 2326 frequenti,

359 2343 555 2424 Plebeiaque
572 2341 671 2404 nimis
688 2362 783 2405 careo
801 2341 933 2405 dimissa
949 2343 1079 2406 marito.

358 2453 470 2516 Hostis
489 2455 532 2516 ad
550 2454 729 2514 adventum
747 2472 939 2534 rumpamus
955 2451 1089 2516 foedera
1105 2453 1232 2517 taedae:

359 2563 529 2626 Placemus
539 2577 699 2624 socerum.
711 2559 765 2623 Sic
773 2569 826 2622 est
841 2558 901 2622 tibi
914 2559 1056 2648 cognita,
1070 2561 1204 2646 Magne,

358 2676 476 2735 Nostra
489 2670 594 2734 fides?
607 2671 756 2736 credisne
774 2672 902 2754 aliquid
920 2671 1004 2734 mihi
1019 2647 1119 2736 tutius
1135 2695 1218 2755 esse,

359 2779 469 2864 Quam
485 2773 567 2838 tibi?
581 2794 693 2847 nonne
708 2775 790 2838 olim
805 2796 879 2838 casu
890 2761 1071 2860 pendemus
1089 2781 1130 2840 ab
1143 2779 1235 2842 unof

358 2878 567 2944 Fulminibus
583 2869 652 2963 mc,
666 2893 777 2964 saeve,
791 2881 899 2966 iubes,
916 2892 1090 2964 tantaeque
1105 2883 1222 2946 ruinae

358 2988 535 3049 Absentem
549 2996 715 3069 praestare
731 2988 850 3070 caput?
868 3007 983 3050 secura
995 2989 1125 3052 videtur

359 3089 435 3152 Sors
451 3088 526 3170 tibi,
541 3108 617 3150 cum
632 3087 732 3151 facias
747 3089 847 3152 etiam
865 3111 954 3154 nunc
970 3103 1061 3173 vota,
1077 3092 1223 3175 perisse?

344 3265 346 3270 ,
360 3196 404 3256 Ut
419 3195 525 3256 nolim
540 3195 789 3274 semiramidis,
806 3199 865 3260 scd
883 3207 989 3270 morte
1006 3211 1135 3283 parata,

359 3297 407 3359 Te
421 3317 541 3378 sequar
555 3298 598 3358 ad
612 3318 743 3376 manem
758 3300 858 3362 feriat
872 3301 952 3374 dum
966 3311 1090 3365 moesta
1104 3314 1246 3369 remotas

360 3401 462 3462 Fama
475 3401 592 3486 procul
609 3407 729 3482 terras,
742 3402 852 3463 vivam
869 3402 930 3464 tibi
942 3425 1063 3486 nempe
1075 3416 1245 3488 superstes.

359 3509 468 3590 Adde,
481 3509 571 3588 quod
586 3509 749 3576 adsuescis
765 3509 853 3604 fatis,
871 3519 1063 3590 tantumque
1080 3513 1245 3596 dolorem,

359 3611 525 3693 Crudelis,
539 3633 591 3674 me
608 3613 693 3678 ferre
704 3615 809 3680 doces.
823 3615 957 3703 Ignosce
972 3615 1104 3696 fatenti,
1129 3625 1131 3631 “

360 3725 457 3790 Posse
473 3724 557 3808 pati,
573 3722 683 3793 tiniec.
700 3727 838 3813 Quodsi
852 3736 928 3796 sunt
938 3737 1030 3810 vota,
1044 3723 1188 3808 Deisque
