2824 4880
422 223 424 228 ¹
492 231 515 284 N

298 405 507 472 LlBEIl·
545 403 672 470 VIII.
713 421 841 485 ιαμ.
992 409 1050 488 193

82 550 174 614 Mille
190 569 285 612 meae
297 548 398 612 Graio
411 550 593 611 volvuntur
606 545 644 608 in
658 565 803 626 aequore
822 567 969 632 puppes,

81 653 175 720 Mille
190 655 308 718 duces:
324 651 442 736 sparsit
454 651 563 734 potius
580 652 749 716 Pharsalia
770 662 917 735 nostras,

82 763 192 844 Quam
205 759 380 840 subvertit,
393 779 489 840 opes;
512 759 571 820 sed
584 779 638 820 me
650 759 704 819 vel
718 759 789 819 sola
806 756 891 836 tueri

81 867 181 928 Fama
194 875 302 949 potest
315 883 441 946 rerum,
453 873 522 926 toto
538 883 620 946 quas
635 849 797 950 gessimus
811 863 910 948 orbe,
973 941 978 951 .

82 969 121 1030 Et
136 987 262 1030 nomen
270 1013 281 1048 ,
295 968 385 1049 quod
398 968 544 1029 mundus
556 976 656 1031 amat.
676 970 743 1033 Vos
755 969 892 1050 pendite
906 989 1011 1058 regua

81 1079 216 1144 Viribus
226 1074 1019 1164 atquefide,Lihyen‚Parthosque,Pharonque,

83 1191 256 1272 Quaenam
270 1165 431 1246 Romanis
445 1185 560 1246 deceat
573 1203 766 1247 succurrere
779 1184 890 1270 rebus.

82 1293 136 1356 Ast
151 1311 216 1378 ego
234 1311 389 1352 curarum
406 1284 504 1354 robis
518 1309 641 1352 areana
658 1307 810 1366 mearum

82 1399 298 1483 Expromam,
309 1395 494 1476 mentisque
509 1411 602 1458 meae
613 1414 680 1475 quo
693 1396 845 1478 pondera
854 1403 1003 1484 vergant.

82 1508 178 1568 Aetas
192 1501 313 1566 Niliaci
331 1499 428 1564 nobis
443 1505 594 1584 suspecta
607 1501 744 1584 tyranni
760 1511 824 1566 est:

59 1668 61 1670 ,
82 1611 193 1672 Ardua
206 1606 333 1690 quippe
347 1603 427 1668 fides
441 1607 594 1670 robustos
609 1605 713 1692 exigit
727 1627 843 1670 annos.

83 1717 170 1778 Hinc
183 1732 305 1798 anceps
322 1711 416 1776 dubii
430 1721 529 1776 terret
547 1711 695 1775 sollertia
713 1714 838 1775 MaurI:

82 1823 231 1900 Namque
242 1839 372 1882 memor
380 1814 522 1905 generis,
536 1818 745 1905 Carthaginis
756 1819 861 1902 impia
874 1823 1001 1908 proles,

82 1925 238 1990 Imminet
247 1925 426 2010 Hesperiae
433 1927 645 2007 ,multusque
655 1923 692 1986 in
701 1934 933 2007 pectoreuano
943 1939 992 1993 est
1108 1927 1112 1935 ’

82 2029 268 2112 Hannibal,
280 2029 418 2110 obliquo
429 2031 574 2092 maculat
587 2028 646 2110 qui
655 2031 819 2115 sauguine
829 2055 989 2119 regnum,
1070 2039 1072 2044 ‘

81 2136 118 2196 Et
129 2132 292 2198 Numidas
302 2133 473 2220 'contingit
488 2153 586 2196 avos:
599 2133 666 2195 iam
681 2135 832 2218 supplice
843 2139 933 2204 Varo
991 2143 1049 2222 287
1110 2167 1113 2172 ·

81 2241 260 2324 Intumuit,
273 2224 425 2324 uiditque
438 2244 514 2306 loco
524 2245 679 2306 Romana
693 2247 850 2308 secundo.

82 2353 193 2436 Quare
204 2351 308 2437 agite,
321 2351 429 2416 Eoum
440 2349 575 2415 comites
589 2371 806 2436 properemus
823 2351 998 2418 inorbem.
1025 2363 1027 2369 '

82 2439 210 2519 Dividit
220 2457 404 2539 Euphrates
417 2454 692 2544 ingenti'gurgite
707 2459 889 2540 mundum,
898 2486 905 2502 ¹·

83 2558 266 2642 Caspiaque
283 2558 462 2623 immensos
474 2561 637 2624 seducunt
651 2564 793 2626 claustra
809 2583 970 2648 recessus,

82 2665 118 2725 Et
134 2667 234 2746 polus
247 2665 399 2748 Assyrias
412 2648 495 2728 aller
509 2678 688 2750 noctesque
702 2668 837 2750 diesque
867 2703 870 2710 ⁴

81 2771 203 2854 Vertit,
215 2781 247 2834 et
257 2773 437 2855 abruptum
449 2783 498 2838 est
507 2786 620 2864 nostro
629 2797 723 2840 mare
733 2777 877 2848 discolor
891 2781 998 2864 unda,
1112 2859 1119 2868 μ

83 2877 402 2958 Oceanusquesuus.
417 2863 601 2964 Regnandi*
608 2883 679 2942 sola
688 2883 852 2964 voluptas.

15 2971 17 2990 ¹
83 2982 211 3047 Celsior
223 2983 260 3048 in
274 2985 398 3068 campIs
412 2986 560 3070 sonipes,
577 2999 609 3050 et
622 2987 741 3050 fortior
755 3010 869 3070 arcus3
885 2969 898 2976 ³

81 3091 146 3152 Nec
160 3109 262 3174 puer,
274 3101 331 3154 aut
342 3091 455 3154 'senior
471 3094 584 3156 letales
600 3096 735 3159 tendere
749 3116 870 3159 nervos

80 3197 211 3284 Segnis,
224 3207 256 3260 et
270 3219 290 3260 a
302 3200 396 3262 nulla
414 3219 504 3263 mors
518 3207 567 3263 est
578 3199 704 3293 incerta
721 3203 850 3290 sagitta.
949 3285 951 3289 .

80 3303 186 3364 Primi
200 3305 347 3366 Pellaeas
365 3324 443 3368 arcu
460 3305 589 3391 fregere
606 3300 763 3390 sarissas,

80 3409 264 3488 Bactraque
276 3410 451 3472 Medorum
467 3411 579 3476 sedem
586 3457 595 3493 ,
611 3412 781 3493 murisque
793 3417 971 3496 superbam

80 3510 249 3594 Assyrias,
260 3513 451 3596 Babylona,
462 3517 588 3578 domos.
608 3519 676 3580 Nec
689 3507 758 3599 pila
773 3509 933 3584 timentur

79 3615 199 3676 Nostra
211 3614 310 3678 nimIs
322 3617 469 3702 Parthis,
481 3621 670 3700 audentque
681 3620 717 3682 in
732 3625 820 3686 bella
830 3626 961 3713 venire,
995 3700 996 3704 η

79 3722 218 3804 Experti
233 3723 418 3808 Scythicas,
432 3729 547 3816 Crasso
558 3739 735 3812 pereunte,
749 3734 930 3814 pharetras.

80 3827 217 3911 Spicula
230 3851 291 3893 nec
304 3833 375 3897 solo
390 3843 552 3920 spargunt
568 3835 705 3904 fidentia
722 3838 829 3922 ferr05

144 3938 268 3996 [πωπω.
735 3939 785 4000 13·
