2788 4880
346 383 550 476 ernau
589 387 630 450 v.
670 401 792 460 sna.
988 365 1048 506 aaz

20 513 21 522 ἵ
101 528 304 607 Numinibus,
317 525 634 611 'metusipsctidem
656 527 742 592 Tum
758 533 843 590 torta
852 545 979 612 perores

19 637 20 732 i
98 635 225 720 Stringit
237 632 317 696 vitta
333 651 458 712 cernae,
472 613 642 710 crinesque
652 630 696 692 ’in
712 639 802 722 terga
819 619 947 698 solutos

18 733 22 800 ἰ
99 741 237 805 Candida
256 724 419 802 Phocaica
438 737 667 822 complectitur
685 737 792 802 infula
810 741 938 802 lauro.'
971 805 973 809 ,

17 801 22 902 i
98 847 285 906 Haerentem
303 841 505 922 dubiamque
518 861 671 924 premens
688 840 725 904 in
742 843 865 924 templa
877 842 1031 908 sacerdos

17 954 43 1044 tt
98 946 234 1030 Impulit.
260 947 323 1010 Illa
336 966 460 1029 pavens
474 945 569 1028 adyti
588 947 757 1028 penetrale
772 945 893 1010 remoti
958 1005 962 1012 ,

98 1053 288 1135 Fatidicum,
303 1053 412 1136 prima
435 1051 635 1134 templorum
648 1049 685 1114 in
700 1061 793 1134 parte
813 1051 944 1134 resistit:

17 1219 19 1230 ,
98 1163 194 1240 Atque
205 1161 313 1222 Deum
324 1159 495 1237 simulans,
513 1159 575 1218 sub
587 1165 719 1238 pectore
736 1154 812 1218 ficta
834 1157 946 1236 quieto
1028 1188 1035 1203 ·

17 1319 18 1342 ,
98 1269 196 1332 Verba
204 1267 322 1349 refert,
339 1268 433 1338 nullo
447 1265 603 1328 confusae
616 1286 786 1328 murmure
803 1265 894 1328 vocis

98 1370 277 1436 Instinctam
288 1390 382 1435 sacro
401 1379 547 1432 mentem
567 1378 681 1454 testpta
699 1369 826 1451 furore,

60 1479 63 1484 ’
98 1477 186 1539 Haud
198 1497 303 1557 aeque
314 1477 442 1538 laesura
462 1475 598 1554 ducem,
612 1474 666 1536 cui
681 1473 763 1538 falsa
781 1479 939 1559 canebat,
1020 1551 1022 1566 Ι

17 1581 18 1584 ’
99 1579 566 1666 Quamtripodss,Phocbique
575 1577 686 1642 tidem.
697 1583 770 1644 Non
781 1592 879 1666 rupta
890 1583 1046 1648 trementi

98 1685 196 1748 Verba
210 1706 311 1767 sono,
325 1707 386 1748 uec
398 1705 464 1748 vox
476 1685 565 1748 antri
579 1688 745 1768 complere
762 1688 893 1772 capacis
1028 1703 1032 1710 '

97 1783 254 1852 Sufficiens
266 1787 430 1870 spatium,
449 1790 610 1870 nulloque
624 1793 763 1858 horrere
779 1803 953 1856 comarum

97 1891 244 1958 Excussae
260 1897 393 1978 laurus,
414 1895 617 1978 immotaque
634 1897 781 1962 culmina
796 1901 932 1982 templi,

17 2017 19 2104 p
97 1996 307 2080 Securumque
320 2013 453 2085 nemus,
472 2002 612 2066 veritam
628 2025 663 2067 se
682 2008 816 2068 credere
835 2009 969 2070 Phoebo

17 2107 19 2190 ξ
96 2106 310 2170 Prodiderant.
326 2105 432 2172 Sensit
448 2109 594 2191 tripodas
607 2129 745 2192 cessare,
765 2113 945 2192 funerisque
987 2113 1043 2196 15'7
1072 2193 1074 2198 Ι
1177 2141 1181 2150 ·

17 2203 18 2298 i
97 2213 227 2296 Appius:
248 2215 286 2275 m
303 2212 404 2278 nobis
415 2213 549 2276 meritas
562 2213 805 2298 dabis,imp'ia,
821 2237 962 2300 poenas,
1052 2219 1054 2224 ’

17 2305 19 2316 ’
97 2315 129 2376 Et
142 2314 285 2398 Superis,
300 2334 383 2394 quos
393 2312 509 2400 fingis,
524 2314 584 2398 ait,
601 2315 666 2382 nisi
680 2317 839 2404 mergeris
851 2317 972 2404 antris,

17 2429 18 2454 ¹
97 2421 199 2502 Deque
211 2419 302 2484 orbis
315 2417 435 2502 trepidi
449 2429 539 2484 tanto
559 2423 708 2486 consulta
725 2425 870 2490 hrmultu

95 2528 212 2594 Desinis
225 2527 297 2610 ipsa
312 2525 415 2608 loqui.
435 2529 585 2590 Tandem
600 2531 777 2594 conterrita
795 2531 891 2618 uirgo

17 2637 18 2640 ’
97 2631 240 2718 Confugit
249 2633 294 2694 ad
307 2630 646 2714 tripodas,rastisque
664 2634 805 2699 abducta
818 2633 969 2698 cavernis

95 2737 210 2822 Haesit,
226 2749 261 2802 et
276 2737 382 2800 invito
397 2739 548 2820 concepit
565 2741 700 2821 pectore
717 2757 860 2824 numen,
978 2818 979 2824 ἵ

95 2846 181 2929 Quod
198 2865 267 2910 non
284 2841 459 2926 exhaustae
476 2867 535 2930 per
551 2855 600 2908 tot
616 2847 685 2909 iam
696 2849 805 2909 secula
818 2846 910 2928 rupis

17 2959 18 3014 ξ
95 2951 221 3033 Spiritus
235 2951 369 3038 ingessit
381 2950 467 3014 vati:
487 2951 685 3030 tandemque
701 2949 823 3032 potitus

17 3061 18 3138 g
94 3053 216 3116 Pectore
229 3053 485 3135 Cirrhaeo,.non
501 3071 648 3132 unquam
664 3051 795 3134 plenior
807 3060 899 3114 artus

17 3215 18 3218 ,
93 3156 273 3222 Phoebados
290 3157 409 3240 irrupit
423 3159 550 3238 Paean:
571 3164 784 3234 mentemque
799 3151 946 3238 priorem

17 3241 18 3260 ¹
93 3257 230 3342 Expulit,
249 3251 348 3341 atque
363 3261 535 3324 bominem
553 3258 696 3343 totosibi
715 3260 829 3322 cedere
842 3257 935 3322 iussit

17 3349 18 3384 ³
93 3365 224 3432 Pectore.
242 3370 421 3432 Bacchatur
439 3369 574 3432 demens
587 3365 697 3432 aliena
714 3385 774 3446 per
794 3373 927 3426 autrum

94 3467 175 3531 Colla
187 3469 308 3551 serens,
321 3469 576 3550 vittasque'Dei,
594 3470 812 3548 Phoebeaque
832 3476 917 3531 serta
972 3477 975 3482 ’

92 3571 203 3638 Erectis
217 3575 490 3661 discussa'cornis,
506 3599 569 3662 per
584 3576 697 3640 inania
709 3575 825 3660 templi
851 3585 853 3591 ’

17 3681 18 3762 T
74 3693 75 3696 ’
91 3679 227 3764 Ancipiti
241 3685 370 3772 cervice
384 3695 487 3768 rotat,
509 3685 698 3770 spargitque
720 3684 855 3771 vaganti

93 3781 257 3852 Obstantes
270 3785 431 3872 tripodas,
446 3787 632 3875 magnoque
651 3796 816 3852 exaestuat
829 3786 924 3874 igne,

419 4060 425 4100 t
