2852 4878
347 381 778 462 utrumnum.
1010 410 1048 472 ¹⁷
1104 382 1109 393 ’

88 527 240 618 Gurgite:
253 547 321 610 qua
332 529 514 594 Rhodanus
532 538 663 613 raptum
677 531 847 596 velocibus
869 531 969 598 undis

13 641 14 666 ³
88 639 123 700 ln
138 656 232 700 mare
247 635 464 700 ferttlrarim:
484 655 550 718 qua
560 636 728 700 montibus
747 639 851 700 ardua
866 636 1005 707 summis

13 751 15 824 ᾗ
88 747 173 810 Gens
186 746 316 810 habitat
334 765 416 810 uana
431 747 611 828 pendentes
625 767 710 829 rupe
730 748 919 814 Gebeunas:

13 849 14 856 '
88 853 259 938 [Pictones
274 854 439 916 immunes
452 853 612 941 subigunt
624 874 684 918 sna
695 873 792 933 rnra3
808 876 870 920 neo
882 860 971 922 ultra

13 965 14 976 ²
87 958 257 1024 Instabiles
272 961 423 1024 Turonas
434 959 624 1023 circumsita
637 969 742 1024 matra
760 965 923 1026 miscent.

13 1105 14 1110 κ
86 1066 125 1128 In
138 1066 287 1147 nebulis,
302 1064 481 1146 Meduana,
499 1065 563 1128 tuis
582 1083 727 1130 marcere
745 1083 883 1148 perosus

13 1219 14 1228 ,
66 1157 70 1172 “
88 1169 219 1248 Andos,
233 1165 301 1228 inm
313 1164 451 1248 placida
462 1166 589 1254 ligeris
606 1177 773 1232 moreamr
788 1170 831 1231 ab
844 1170 946 1234 unda.

87 1269 204 1333 Inclita
219 1269 385 1334 Caesareis
399 1273 554 1335 Genabos
569 1271 759 1338 dissolvitur
774 1274 867 1358 alis]

13 1439 14 1446 χ
89 1378 137 1440 Tu
158 1398 311 1462 quoque,
325 1380 463 1444 laetalus
483 1382 631 1443 eonverti
650 1383 797 1466 proelia,
816 1383 952 1449 Treuir:
1075 1457 1078 1460 ,

87 1483 126 1544 Et
138 1505 229 1548 nuno
240 1495 331 1549 tome
343 1486 457 1572 Liger,
476 1489 644 1567 quondam
655 1509 715 1574 per
729 1492 816 1558 oolla
831 1492 951 1556 moure
1027 1501 1033 1513 '

88 1589 242 1654 Crinibus
258 1586 372 1656 effusis
390 1591 448 1654 toti
469 1593 615 1674 praelate
634 1596 809 1658 Comatae:

87 1693 126 1754 Et
139 1694 260 1774 quihus
276 1694 414 1758 immitis
432 1697 583 1778 placatur
593 1695 757 1782 sanguine
774 1697 848 1761 diro

13 1819 14 1856 t
87 1797 254 1880 Teutates,
269 1799 472 1878 horrensque
486 1797 564 1862 feris
583 1794 741 1864 altaribus
755 1803 902 1886 Hesus,x

87 1901 125 1962 Et
143 1901 283 1965 Taranis
292 1901 465 1984 Scythicae
478 1920 548 1964 non
564 1901 678 1966 mitior
695 1922 753 1964 ara
770 1903 908 1968 Dianae.

13 2015 15 2020 ’
87 2013 154 2074 Vos
173 2029 320 2092 quoque,
337 2006 397 2088 qui
408 2008 508 2078 fortes
519 2008 662 2090 animas,
674 2009 830 2088 helloque
845 2019 1032 2091 peremtas,

86 2113 256 2178 laudibus
264 2113 302 2176 in
313 2113 455 2198 longum
472 2097 562 2174 vat'es
573 2110 744 2176 demittitis
762 2105 902 2195 aevum,
986 2115 1046 2190 448

87 2215 236 2282 nnuma
253 2219 362 2283 serua
377 2216 506 2284 ausus
526 2201 693 2299 samua,
713 2218 822 2283 sarus.

87 2325 199 2387 Etrus
210 2321 400 2386 barbaricos
416 2319 516 2401 ritus,
530 2339 724 2400 moremque
743 2320 914 2396 sinistrum

87 2431 277 2510 Sacrorum,
290 2425 453 2506 Druidae,
469 2423 591 2506 positis·
603 2423 765 2506 repetistis
783 2426 826 2486 ab
841 2426 954 2491 armis.

13 2527 14 2550 i
87 2536 172 2600 Solis
190 2553 285 2598 nosse
303 2533 406 2611 Deos,
419 2541 449 2592 et
463 2529 548 2592 coeli
561 2529 700 2595 numina
712 2530 826 2613 vobis,

88 2641 151 2703 Aut
170 2637 249 2700 solis
259 2634 386 2700 nescire
398 2635 528 2694 datum:
544 2651 681 2699 nemora
695 2634 762 2696 alta
773 2636 907 2702 remotis

86 2744 233 2808 Incolitis
244 2744 341 2814 lucis
358 2729 461 2809 Vobis
479 2739 688 2822 auctoribus,
709 2743 848 2806 umbrae

86 2857 161 2916 Non
174 2849 285 2916 tacitas
297 2851 397 2914 Erebi
412 2850 521 2929 sedes,
539 2846 692 2927 Ditisque,
704 2847 864 2929 profundi

85 2959 333 3043 Pallida-regna
347 2965 480 3038 petunt:
498 2951 583 3038 regit
599 2951 688 3014 idem
705 2951 839 3034 spiritus
851 2962 944 3018 artus
1031 3025 1035 3031 ,

87 3069 178 3130 Orbe
188 3065 272 3128 alio:
289 3065 408 3150 longae
423 3059 604 3147 (canilissi
619 3058 776 3146 cognita)
792 3059 880 3126 vitae

84 3179 178 3239 Mors
189 3173 299 3236 media
306 3182 364 3236 est.
373 3171 472 3234 Certe
482 3165 618 3252 populi,
632 3185 715 3249 qum
729 3167 868 3252 despicit
878 3172 1012 3259 Arctoe,

85 3278 212 3338 Felices
222 3295 334 3339 errore
348 3293 426 3354 sno,
439 3287 522 3352 quos
536 3269 611 3351 ille,
627 3268 786 3337 umorum

82 3382 268 3463 Maximus,
283 3383 373 3443 hand
386 3387 482 3466 urget
498 3376 557 3441 leti
568 3387 684 3446 metus.
703 3378 786 3441 Inde
803 3377 923 3442 ruendi

82 3489 122 3550 In
141 3483 269 3550 ferrum
282 3504 374 3548 meus
391 3503 498 3568 prona
513 3483 609 3564 viris,
628 3481 825 3562 anirnaeque
837 3501 972 3566 capaces

82 3591 220 3655 Mortis:
239 3603 271 3654 et
290 3592 449 3678 ignavum
460 3589 625 3652 rediturae
643 3607 778 3670 parcere
793 3587 891 3652 vitae.

82 3699 121 3758 Et
139 3716 203 3758 vos
216 3695 396 3780 crinigeros
412 3691 509 3756 bellis
528 3712 641 3754 arcere
656 3694 783 3774 Caycos

83 3799 260 3886 Oppositi,
274 3796 383 3882 petitis
404 3799 560 3879 Romam,
577 3795 753 3888 Rhenique
767 3795 894 3888 feroces

150 3903 272 3960 luanus.
734 3907 763 3950 2·
