2852 4878
355 402 409 468 '02
625 398 1069 466 PHARSALIAE
1164 421 1290 485 v-sqr.

371 550 494 617 Omnia
512 545 665 616 Sullanae
686 553 839 614 lustrasse
852 552 1012 614 cadavera
1030 552 1137 636 paeis3

369 655 497 738 Perque
514 673 627 718 omnes
642 664 788 748 maneos,
808 675 884 716 cum
902 677 969 736 qua
985 657 1111 721 cervice
1124 657 1271 721 recisum

370 763 570 845 Conveniat,
586 762 749 844 quaesisse
765 773 873 844 eaput.
886 764 978 848 Quid
989 764 1150 852 sanguine
1166 783 1283 830 manes
1363 812 1370 826 .

370 873 517 939 Placatos
530 871 640 934 Catuli
651 871 816 934 referam?
832 870 886 934 cui
900 870 1034 934 victima
1052 871 1158 936 tristes

368 976 507 1042 Inferias
519 975 659 1058 Marius,
673 975 784 1038 forsan
797 974 986 1038 nolentibus
1001 975 1145 1055 umbris,
1167 1017 1174 1024 -

370 1080 504 1162 Pendit,
516 1080 684 1163 inexpleto
697 1097 766 1141 non
779 1079 880 1140 fanda
895 1077 1029 1161 piacula
1046 1080 1143 1142 husto
1156 1097 1165 1156 ς

370 1188 455 1248 Cum
468 1189 594 1250 laceros
608 1197 711 1267 artus,
730 1171 933 1265 aequataque
949 1185 1088 1248 vulnera
1100 1181 1262 1251 membris

282 1324 296 1334 ·
370 1289 538 1374 Vidimus,
554 1301 587 1353 et
603 1299 671 1355 toto
687 1289 840 1372 quamvis
857 1288 893 1350 in
914 1308 1053 1372 corpore
1073 1308 1166 1351 caeso

370 1398 426 1460 Nil
445 1398 576 1460 animae
589 1400 686 1461 letale
702 1399 832 1478 datum,
849 1411 1041 1476 moremque
1056 1394 1220 1456 nefandae
1263 1472 1267 1480 f

370 1501 490 1566 Dirum
505 1503 673 1584 saevitiae,
688 1501 856 1586 pereuntis
876 1521 1011 1583 parcere
1031 1499 1140 1561 morti.

369 1607 511 1668 Avulsae
525 1605 672 1670 cecidere
690 1623 821 1685 manus,
842 1612 1021 1682 exactaque
1041 1595 1168 1685 lingua

370 1706 531 1792 Palpitat,
544 1719 577 1771 et
589 1717 682 1771 muto
696 1728 839 1770 vacuum
855 1705 932 1769 ferit
945 1709 1021 1768 adra
1040 1715 1143 1766 motu.

369 1814 435 1878 Hie
447 1833 558 1896 auree,
575 1814 659 1877 alius
675 1812 856 1896 spiramina
872 1809 962 1875 naris
981 1811 1130 1872 aduncae

370 1925 544 2002 Amputat:
563 1919 620 1982 ille
637 1918 724 1981 cavis
741 1917 863 1980 evolvit
877 1915 1008 1980 sedibus
1025 1917 1138 1996 orbes,

370 2024 560 2106 Ultimaque
577 2020 718 2088 effundit
731 2021 881 2108 spectatis
897 2020 1024 2084 lumina
1040 2018 1209 2083 memhris.

370 2121 436 2196 Vix
454 2131 517 2193 erit
532 2132 601 2192 ulla
617 2129 715 2210 fides,
736 2139 802 2191 tam
819 2127 908 2190 saevi
927 2126 1073 2190 criminis
1089 2145 1194 2188 unum
1272 2125 1335 2185 186

370 2235 434 2296 Tot
446 2253 568 2316 poenas
582 2233 704 2315 cepisse
719 2245 825 2315 caput.
846 2233 898 2296 sic
916 2233 1005 2296 mole
1026 2232 1144 2294 ruinae

369 2339 483 2401 Fracta
497 2340 559 2401 sub
572 2338 701 2422 ingenti
716 2337 895 2406 miscentur
912 2339 1058 2420 pondere
1076 2337 1246 2399 membra:

370 2445 437 2504 Nec
449 2441 554 2527 magis
568 2441 727 2504 informes
746 2443 884 2504 veniunt
903 2441 946 2502 ad
962 2441 1061 2504 litora
1078 2439 1205 2522 trunci,

370 2545 437 2629 Qui
450 2543 560 2607 medio
572 2543 701 2626 periere
711 2545 806 2606 freta.
821 2543 911 2628 Quid
921 2544 1058 2625 perdere
1070 2543 1217 2606 fructum

369 2647 470 2728 Iuvit,
485 2657 534 2728 et,
548 2657 585 2708 ut
595 2646 712 2728 vilem,
727 2647 825 2709 Marii
842 2647 1045 2732 confundere
1065 2647 1217 2708 vultum?

369 2754 414 2815 Ut
424 2755 529 2816 scelus
543 2755 607 2832 hoc
623 2754 748 2834 Sullae,
766 2734 1088 2832 caedesque'ostensa
1104 2755 1268 2834 placeret,

368 2860 603 2944 Agnoscendus
616 2869 695 2922 erat.
716 2858 809 2926 Vidit
826 2861 969 2921 Fortuna
988 2851 1124 2932 colonos

369 2965 580 3028 Praenestina
594 2986 669 3029 suos
684 2975 818 3028 cunctos
835 2963 932 3026 simul
944 2985 1022 3026 ense
1037 2964 1173 3044 recisos,

369 3071 475 3134 Unius
492 3074 654 3154 populum
667 3081 859 3155 pereuntem
877 3082 1023 3152 tempore
1038 3071 1164 3132 mortis.

369 3179 464 3239 Tunc
483 3181 541 3241 llos
556 3179 747 3262 Hesperiae,
766 3179 852 3240 Latii
866 3177 933 3238 iam
945 3175 1015 3240 sola
1033 3177 1204 3259 iuventus,

371 3278 540 3362 Concidit,
555 3291 586 3342 et
600 3281 739 3344 miserae
752 3281 929 3345 maculavit
948 3281 1050 3344 ovilia
1065 3285 1201 3345 Romae.

368 3383 432 3444 Tot
444 3381 542 3446 simul
557 3382 676 3446 infesto
692 3361 829 3446 iuvenes
851 3385 1045 3449 occumbere
1064 3387 1150 3468 leto,

369 3485 473 3574 Saepe
486 3487 605 3569 fames,
620 3489 795 3575 pelagique
811 3489 920 3570 furor,
937 3491 1130 3571 subitaeque
1148 3491 1287 3576 ruinae,

369 3591 434 3652 Aut
447 3591 531 3652 coeli
548 3602 719 3673 terraeque
738 3595 823 3674 lues,
841 3603 899 3655 aut
919 3591 1037 3658 bellica
1055 3595 1183 3674 clades,

369 3697 545 3778 Nunquam
556 3719 663 3780 poena
678 3701 751 3764 fuit.
768 3700 869 3764 Densi
888 3699 944 3762 vix
961 3700 1095 3785 agmina
1113 3699 1206 3787 vulgi
1270 3713 1277 3734 ¹

369 3797 459 3862 lnter
475 3807 508 3862 et
522 3819 703 3886 exsangues
717 3801 864 3868 immissa
877 3813 983 3868 morte
997 3812 1141 3868 catervas
