2788 4880
329 401 637 468 n1nu1t1v.
677 417 799 486 eur·
1001 429 1039 490 91

18 547 20 592 t
97 547 300 632 Exemplum,
313 546 476 629 Fortuna,
488 566 594 631 pares
611 551 838 633 Quaecunque
849 561 1040 633 pertesum

18 723 19 744 ἶ
96 650 239 714 Exhibuit
252 661 468 714 monumenta
481 651 577 733 fides,
590 661 782 732 servataque
798 652 888 716 ferro

18 777 19 782 ¹
97 754 223 818 Militiae
235 753 359 837 pietas,
374 755 525 818 transibit
536 766 645 818 nostre
660 756 823 820 iuventus.

18 837 19 858 ¹
95 857 307 939 Namquesuis
325 877 388 941 pro
403 868 434 920 te
449 857 569 944 gladiis
587 858 795 940 incumbere,
812 863 948 942 Caesar,

59 961 61 964 ’
96 960 289 1044 Esseperum
306 961 445 1026 scimus:
465 964 524 1026 sed
540 981 616 1026 non.
626 962 753 1034 maiore
766 975 942 1044 supersunt

97 1070 249 1152 Obsessis,
262 1068 344 1134 tanti
363 1091 448 1151 quae
461 1071 602 1159 pignore
620 1071 736 1132 demus
754 1070 886 1134 amoris.

97 1163 228 1240 Abscidit
241 1184 371 1241 nostrae
385 1177 528 1242 multum
541 1195 611 1239 sors
627 1173 742 1248 invide
764 1171 877 1254 leudi,

97 1271 184 1368 Quod
199 1303 268 1347 non
285 1304 360 1347 mim
372 1283 504 1348 senibus
523 1281 610 1365 cepti
627 1279 781 1362 natisque
796 1290 958 1342 tenemur.
1063 1265 1068 1274 ’

96 1387 265 1452 Indomitos
281 1386 363 1451 sciet
378 1404 448 1452 esse
461 1385 567 1470 viros,
588 1384 767 1464 timeatque
779 1383 944 1460 furentes,

95 1489 130 1553 Et
141 1492 237 1556 morti
249 1493 360 1558 faciles
377 1493 524 1576 animos,
544 1503 577 1555 et
589 1493 733 1578 gaudeat
751 1489 856 1554 hostis

95 1597 160 1659 Non
175 1600 285 1680 plures
300 1597 442 1663 haesisse
459 1599 710 1661 retes-Tentare
725 1595 891 1681 parebunt
906 1589 910 1600 “

97 1697 300 1780 Foederibus,
314 1699 469 1784 turpique
479 1701 592 1764 volent
604 1717 816 1781 corrumpere
827 1696 906 1758 vite.

97 1802 274 1885 Outinam,
291 1824 358 1888 quo
371 1803 447 1888 plus
460 1807 580 1869 hebeat
596 1821 685 1867 mors
701 1801 802 1866 unice
817 1801 941 1879 lemae,
1011 1855 1015 1870 ,

95 1907 281 1970 Promittant
292 1907 441 1988 veniam,
461 1906 599 1970 iubeant
614 1913 745 1989 operere
763 1897 922 1979 selutein3

95 2015 137 2074 Ne
150 2032 224 2094 nos,
242 2033 317 2074 cum
335 2011 623 2076 celido'lodiemus
634 2008 889 2086 visceralerro,

89 2105 280 2202 llespermse
288 2126 415 2200 putent.
426 2121 548 2204 blegne
559 2115 681 2178 virtute
695 2113 890 2176 merendum
902 2117 964 2191 est,
982 2107 1040 2176 im

96 2223 216 2302 Caesar,
235 2231 285 2303 ut,
306 2220 430 2306 emissis
444 2220 530 2284 iuter
543 2230 591 2284 tot
603 2217 710 2284 millis
721 2215 860 2301 paucis,
1072 2295 1077 2300 .

96 2325 161 2390 lloc
169 2328 346 2408 damnum,
357 2328 551 2406 clademque
564 2345 669 2388 voces.
687 2325 775 2385 Dent
785 2321 853 2384 lata
861 2337 1041 2399 recessum,

97 2429 309 2521 Emittantque
321 2432 413 2515 lieet,
424 2433 529 2495 vitare
540 2429 695 2494 instantia
706 2427 822 2491 nolim.

96 2541 214 2604 Proieci
228 2542 328 2622 vitem
336 2587 346 2624 ,
362 2542 512 2624 comites,
528 2539 680 2621 totusque
693 2540 825 2601 firturee

95 2645 199 2709 Mortis
213 2665 294 2733 agor
307 2643 468 2709 stimulis:
483 2645 578 2706 furor
591 2652 648 2704 est.
666 2643 854 2726 Agnoscere
869 2631 948 2698 solis

96 2748 284 2814 Permissum
299 2758 363 2833 est,
376 2769 458 2832 quos
470 2750 537 2812 iam
553 2747 657 2834 tangit
672 2744 795 2810 vicinia
812 2740 889 2823 leti,

95 2854 303 2938 Victurosque
319 2857 382 2922 Dei
395 2859 521 2938 celent,
536 2865 573 2916 ut
587 2853 700 2914 vivere
718 2853 860 2928 durent,

16 3037 17 3052 χ
93 2959 175 3024 Felix
193 2981 262 3024 esse
275 2959 370 3024 mori.
386 2959 439 3022 Sic
458 2966 590 3022 cunctas
603 2951 721 3017 extulit
735 2943 836 3012 ardor

93 3064 255 3129 Nobilium
266 3073 392 3130 mentes
405 3063 585 3126 iuvenume
601 3077 679 3128 cum
694 3054 802 3118 sidere
817 3050 921 3136 coeli,

94 3170 168 3233 Ante
185 3168 278 3234 duem
288 3185 402 3250 voces,
420 3167 525 3232 oeulis
539 3162 753 3227 humentibus
766 3179 882 3222 omnes

93 3273 317 3357 Adspicerent,
335 3273 487 3353 flexoque
502 3273 603 3336 Ursae
621 3279 751 3330 temone
767 3275 944 3350 peverent3

92 3375 193 3460 Idem,
209 3399 285 3442 cum
305 3377 405 3442 fortes
419 3376 545 3443 enirnos
561 3383 736 3458 praecepta
753 3371 936 3453 subissent,

93 3483 252 3566 Optavere
267 3483 366 3548 uem.
385 3485 452 3546 Nec
466 3482 575 3567 segnis
593 3499 742 3564 mergere
761 3487 867 3560 ponto

95 3585 182 3652 Tunc
195 3596 266 3650 eret
275 3587 367 3650 ‘estre
380 3588 494 3668 poluee-
508 3605 586 3646 narn
604 3585 655 3646 sol
667 3583 795 3644 Ledaea
808 3581 938 3644 tenebat

97 3693 217 3776 Sidere,
237 3692 347 3758 vicino
363 3713 439 3756 cum
453 3693 511 3753 lux
526 3689 685 3766 ¹altissima
704 3691 831 3750 Cancro
844 3696 908 3750 est:

96 3801 163 3868 Nox
177 3813 248 3866 tum
260 3799 462 3867 Thessalicas
475 3801 614 3887 urgebat
632 3817 735 3883 parve
746 3795 886 3883 sagittas.
