2790 4874
317 426 390 488 aaa
588 409 1030 474 PHARSALIAE
1075 357 1078 372 Α
1127 424 1252 486 naor.

328 563 514 626 Terrenum
527 559 654 647 ignotas
666 559 839 624 bominem
850 559 990 644 proiecit
1002 559 1040 624 in
1058 561 1176 626 undas.

329 665 460 733 Primus
465 666 678 734 -ahessalieae
691 675 800 730 rector
812 666 939 730 telluris
950 667 1058 760 'Iiinos

328 777 371 841 In
383 779 527 842 iormam
544 775 671 838 calidae
686 775 845 859 percussit
856 775 1005 858 pondera
1018 793 1160 860 massae,

329 880 430 944 Fudit
445 889 478 942 et
487 887 663 964 argentum
680 878 841 960 flammis,
856 897 1044 960 aurumque
1059 887 1193 943 moneta

330 984 510 1074 Fregit,et
525 984 695 1050 immensis
707 984 796 1048 coxit
813 985 1004 1050 fornacibus
1021 1007 1108 1051 aera.

329 1091 423 1172 Illic,
440 1092 532 1172 quod
550 1091 691 1172 populos
709 1091 866 1153 scelerata
883 1089 1022 1180 impegit
1037 1091 1073 1154 in
1090 1111 1197 1174 arma,

331 1191 471 1256 Divitias
486 1211 662 1256 numerare
675 1193 788 1254 datum
800 1203 856 1256 est.
876 1195 965 1258 Hinc
982 1195 1126 1258 maxima
1138 1215 1272 1278 serpens

330 1291 509 1362 Descendit
521 1299 670 1378 Python,
684 1299 918 1379 Cyrrhaeaque
935 1297 1030 1360 fluxit
1043 1298 1079 1360 in
1097 1301 1212 1363 antrat

332 1403 433 1472 Unde
443 1413 475 1466 et
486 1403 693 1466 Thessalicae
706 1401 845 1465 veniunt
856 1405 899 1464 ad
915 1404 1036 1486 Pythia
1052 1407 1175 1469 laurus.

331 1509 460 1592 impius
474 1507 554 1571 hinc
568 1509 697 1590 prolem
712 1506 839 1589 superis
852 1506 990 1572 immisit
1005 1509 1142 1592 Aloeus,

334 1616 476 1680 Inseruit
492 1615 585 1678 celsis
600 1635 706 1698 prope
718 1634 753 1678 se
765 1635 841 1680 eum
860 1615 975 1680 Pelion
986 1615 1100 1698 astris,

335 1715 569 1802 Sideribusque
585 1720 656 1784 'vias
669 1721 842 1784 incurrens
859 1720 995 1784 abstulit
1013 1723 1105 1786 Ossa.

221 1891 224 1898 ,
337 1883 339 1888 .
374 1831 447 1892 Hac
464 1827 522 1890 ubi
535 1829 689 1890 damnata
700 1826 775 1890 fatis
790 1828 907 1890 tellure
925 1810 1078 1891 locarunt

335 1937 448 1998 Castra
462 1933 574 2008 duces3
597 1937 731 1994 cunctos
743 1927 826 1990 belli
843 1947 1003 2016 praesaga
1019 1927 1123 1993 futuri

334 2044 429 2104 Mens
441 2036 560 2125 agitat,
578 2033 765 2114 summique
785 2056 921 2122 gravem
939 2028 1138 2102 discriminis
1157 2039 1273 2101 horam

334 2147 522 2210 Adventare
535 2139 646 2222 palam
664 2149 720 2201 est.
742 2139 881 2222 Propius
895 2139 962 2204 iam
975 2142 1041 2204 fata
1052 2141 1182 2204 moveri
1237 2141 1291 2219 416

334 2249 521 2332 Degeneres
540 2243 705 2325 trepidant
714 2243 837 2324 animi,
858 2243 1038 2326 peioraque
1054 2254 1203 2323 versant3

335 2351 388 2414 Aa
403 2346 521 2410 dubios
533 2345 648 2428 pauci,
664 2355 854 2428 praesumto
876 2350 1015 2428 robore,
1035 2368 1129 2410 casus

335 2455 500 2538 Spemque
510 2459 702 2532 metumque
709 2451 830 2514 t'erunt.
847 2453 979 2516 Turbae
991 2453 1049 2516 sed
1058 2451 1181 2519 mixtus
1198 2451 1293 2518 inerti
1381 2431 1382 2446 ἵ

336 2565 452 2628 Sextus
465 2569 554 2642 erat,
571 2561 694 2646 Magno
707 2561 816 2641 proles
829 2559 970 2646 indigna
983 2569 1135 2644 parente,

269 2690 272 2698 ’
329 2660 406 2754 ⁴Qui
421 2687 499 2730 mox
510 2665 670 2748 Scyllaeis
688 2665 779 2728 exsul
794 2675 956 2750 grassatus
972 2667 1008 2728 in
1027 2666 1139 2748 undis,

338 2777 461 2840 Polluit
475 2789 670 2854 aequoreos,
683 2771 811 2832 Siculus
826 2769 948 2852 pirata,
965 2769 1160 2852 triumphos.

338 2877 407 2964 Qui
421 2875 610 2941 stimulante
626 2885 715 2936 metu
732 2873 792 2937 fati
807 2892 1021 2955 praenoscere
1037 2892 1170 2954 cursus,

337 2980 583 3064 Impatiensque
599 2995 726 3059 morae,
737 2977 951 3056 venturisque
959 2977 1113 3041 omnibus
1127 2980 1247 3064 aeger,
1381 3043 1382 3060 p

339 3089 415 3150 Non
429 3084 574 3200 tripodas
588 3081 677 3162 Deli,
693 3101 762 3143 non
777 3081 898 3162 Pythia
913 3080 1054 3144 consulit
1071 3092 1181 3164 antra,
1381 3091 1382 3164 l

339 3191 407 3251 Nec
421 3185 585 3268 quaesisse
600 3181 821 3265 libet,primis
833 3181 915 3262 quid
931 3181 1083 3266 frugibus
1098 3184 1198 3247 altrix

341 3297 424 3356 Aere
438 3291 526 3354 Iovis
539 3293 684 3352 Dodona
698 3300 807 3372 sonet,
824 3289 897 3369 quis
916 3310 1051 3353 noscere
1065 3290 1151 3354 fibra

340 3401 421 3462 Fata
436 3407 549 3480 queat,
566 3396 640 3479 quis
655 3398 773 3480 prodat
790 3417 882 3477 aves,
900 3395 974 3477 quis
986 3396 1121 3481 fulgura
1138 3397 1223 3461 coeli

342 3507 470 3585 Servet,
484 3515 520 3566 et
533 3505 668 3587 Assyria
684 3513 846 3567 scrutetur
860 3501 968 3564 sidera
983 3523 1078 3585 cura,
1283 3489 1292 3510 ⁴

298 3611 312 3631 ⁶
341 3612 406 3672 Aut
424 3609 453 3672 si
469 3609 551 3689 quid
564 3609 718 3691 tacitum,
731 3611 789 3673 sed
807 3609 869 3692 fas,
883 3619 963 3672 erat.
982 3611 1042 3671 Ille
1056 3609 1207 3691 supernis

343 3715 542 3787 Detestanda
556 3713 634 3776 Deis
645 3733 820 3777 saevorum
835 3735 955 3776 arcana
969 3717 1147 3798 Magorum

1381 3383 1382 3466 l

1381 3461 1382 3504 l

1381 3511 1382 3606 l

343 3819 502 3904 Noverat,
519 3828 551 3883 et
566 3818 671 3882 tristes
687 3819 1061 3967 sac'risleral'drusaras,

1381 4307 1382 4376 l

1341 4381 1382 4458 l
