2824 4880
307 403 367 477 2⁶4
561 393 1006 460 rusnssnrsa
1077 394 1231 476 ape

304 543 377 606 lam
389 558 494 624 prope
506 536 680 602 semiustae
695 543 892 622 merguntur
905 533 942 596 111
951 552 1096 614 aequore
1108 535 1243 619 classa,

304 643 442 722 Iamque
454 643 565 702 hostes
577 649 609 702 et
619 640 684 700 tela
691 645 817 700 natant.
829 637 897 700 Nea
905 634 1074 720 puppibus
1083 633 1182 723 ignis·

303 745 460 810 Incubuit
472 744 565 810 solis:
577 745 635 808 sed
645 760 731 822 quae
745 739 857 804 vicina
869 739 964 808 tuere

304 855 406 918 Tecta
418 849 504 914 mari
516 847 625 936 longis
637 867 778 930 rapuere
791 845 972 943 vaporibus
984 845 1118 932 ignem:

304 959 346 1020 Et
362 955 491 1020 cladem
503 955 617 1022 fovere
634 953 726 1034 Noti,
738 973 957 1036 pereamque
971 955 1107 1018 flamma
1190 1007 1194 1020 .
1223 999 1226 1003 -

304 1059 468 1142 Turbine,
486 1079 553 1122 non
567 1057 635 1120 alio
648 1067 740 1120 motu
757 1067 918 1140 perlecta
937 1058 1099 1140 cucurrit,

305 1169 417 1252 Quam
433 1166 517 1232 solet
533 1165 681 1232 1111110110
700 1167 828 1247 lampas
842 1165 1019 1237 decurrere
1031 1166 1141 1248 sulec,

305 1271 512 1354 Materiaque
525 1291 658 1351 carens,
676 1281 774 1353 atque
790 1273 910 1339 ardens
924 1275 1001 1336 aire
1014 1272 1097 1335 solo.

304 1379 369 1442 Illa
385 1380 457 1440 lues
471 1378 581 1444 clausa
595 1378 734 1460 paulum
752 1377 920 1444 revocavit
932 1379 975 1440 ab
991 1378 1069 1444 aula

305 1479 406 1550 Urbis
421 1478 457 1542 in
471 1476 633 1544 auxilium
646 1480 799 1560 populos.
814 1481 882 1542 Nec
900 1491 1051 1563 tempora
1064 1481 1168 1548 cladis

305 1581 511 1651 Perdiditin
526 1602 675 1663 somnos,
692 1584 749 1683 sed
763 1603 860 1647 caeca
876 1595 974 1648 nocte
991 1585 1112 1654 cannis

305 1688 437 1758 Insiluit
453 1691 734 1772 Gaesar,se1nper
751 1687 893 1756 feliciter
909 1709 988 1756 usus

306 1794 483 1880 Praecipiti
501 1815 598 1862 cursu
613 1796 795 1876 bellorum,
812 1803 844 1858 et
860 1805 1008 1878 tempore
1025 1804 1132 1879 rapto.

306 1903 402 1964 Tune
412 1902 592 1970 claustrum
602 1899 714 1986 pelagi
725 1899 811 1982 cepit
821 1903 964 1966 Pharon.
977 1903 1090 1969 Insula
1100 1903 1275 1988 quondam

305 2008 347 2074 In
362 2007 476 2074 medio
486 2006 575 2070 stetit
584 2005 643 2072 illa
659 2006 762 2086 mari,
772 2006 835 2070 sub
846 2016 995 2090 tempere
1008 2008 1092 2072 vatis

306 2111 459 2178 Proteos:
472 2119 507 2176 at
519 2129 609 2178 nunc
622 2119 670 2176 est
685 2105 824 2172 Pellaeis
842 2108 997 2190 proxima
1010 2107 1125 2174 muris.
1213 2109 1275 2174 512

305 2219 370 2284 Illa
384 2219 460 2282 duci
470 2218 622 2305 geminos
637 2219 805 2284 bellorum
820 2214 983 2302 praestitit
999 2235 1094 2282 usus:

305 2321 452 2390 Abstulit
468 2341 624 2386 excursus
640 2330 673 2384 et
689 2321 800 2382 fauces
815 2319 969 2401 aequoris
980 2320 1086 2401 hostit

308 2429 456 2500 Caesaris
470 2427 602 2498 auxiliis
617 2427 726 2496 aditus
742 2429 894 2492 et·lihera
910 2429 1008 2516 ponti

308 2537 403 2604 Ostia
415 2537 576 2623 permisit
591 2539 658 2600 Nec
674 2557 798 2619 poenas
814 2538 894 2608 inde
905 2539 1039 2608 Pothini
1089 2564 1091 2569 ·

307 2641 444 2712 Distulit
459 2641 617 2708 ulteriust
636 2645 695 2706 sed
711 2663 779 2708 nen
794 2663 861 2726 qua
874 2645 990 2708 debuit
1005 2645 1071 2729 ira,

307 2753 384 2814 Non
395 2771 508 2833 cruce,
519 2769 589 2814 non
599 2751 756 2832 dammis,
769 2749 887 2834 rapido
900 2772 970 2818 non
979 2755 1077 2822 dente
1087 2753 1254 2842 ferarnma

169 2933 176 2952 ¹
306 2857 404 2942 (Heu
417 2856 565 2923 facinus!
579 2857 690 2926 cervix
699 2857 813 2946 gladio
827 2857 914 2926 male
925 2879 1019 2924 caesa
1032 2862 1192 2944 pependit
1202 2863 1234 2948 a)

307 2966 425 3050 Magni
442 2977 548 3029 morte
560 2965 656 3049 perit.
671 2964 739 3028 Nee
756 2985 825 3034 11011,
839 2969 995 3050 subrepta
1010 2969 1133 3050 paratis

307 3065 477 3136 Aiamulo
490 3070 687 3150 Ganymede
701 3067 786 3132 dolis
796 3069 949 3160 pervenit
965 3073 1009 3138 ad
1021 3074 1131 3140 hostes

247 3253 248 3258 ἵ
309 3173 457 3238 Caesaris
469 3173 625 3240 Arsinoes
640 3195 725 3256 quae
739 3184 843 3244 castra
860 3177 1005 3240 carentia
1018 3199 1111 3264 rege,

307 3281 353 3345 Ut
370 3283 480 3364 proles
494 3283 602 3368 Lagea
617 3275 722 3362 tenet,
738 3281 969 3363 anulumque
984 3283 1122 3366 tyranni

308 3385 507 3456 Terribilem
523 3385 609 3454 iusto
623 3387 781 3474 transegit
791 3387 940 3452 Achillea
957 3390 1055 3454 ferro.

308 3487 440 3573 Altera,
453 3494 590 3579 Magne,
604 3493 668 3560 tuis
680 3493 748 3556 iam
759 3491 896 3564 victima
911 3493 1054 3561 mittitur
1066 3497 1204 3561 umbris.

309 3598 378 3664 Neo
391 3597 469 3666 satis
478 3599 543 3668 heo
552 3601 697 3662 Fortuna
707 3607 811 3684 putat.
826 3602 946 3670 Procul
959 3599 1060 3684 absit,
1076 3612 1113 3664 ut
1126 3601 1189 3668 is'ta

308 3698 484 3766 Vindictae
495 3700 537 3766 sit
551 3721 680 3766 summa
692 3713 776 3766 tuae.
796 3707 871 3770 Non
882 3704 952 3788 ipse
966 3714 1130 3788 tyrannus

182 3827 184 3836 ·
309 3801 436 3876 Sufficit
448 3805 485 3876 in
500 3825 644 3896 poenas,
662 3811 859 3884 1010111111
871 3811 964 3902 regia
982 3810 1076 3900 Lagi.
