2790 4874
390 451 448 514 ιιι
651 425 1143 506 ratusratus
1206 447 1308 510 un.

387 585 599 674 Pompeium,
619 588 796 651 exhaustae
817 589 1007 670 praebenda
1024 589 1066 650 ad
1083 589 1208 670 pabula
1229 596 1341 674 terrae)
1381 577 1388 635 3

387 703 481 784 Quae
500 715 634 760 ourrens
653 694 789 770 obtrivit
808 712 922 777 eques,
940 695 1163 782 gradibusque
1181 695 1288 764 citatis

386 807 520 894 Ungula
536 803 747 868 frondentem
759 801 914 868 discussit
931 822 1052 870 cornea
1073 825 1241 890 campum.

386 913 528 998 Belliger
548 903 682 972 attonsis
698 907 830 992 sonipes
852 911 995 974 defessus
1016 910 1054 978 in
1075 911 1180 993 arvis,
1233 982 1238 986 ,
1283 889 1287 909 ’
1333 899 1336 909 ’

385 1022 545 1084 Advectos
567 1037 642 1081 oum
661 1017 762 1100 plena
779 1018 887 1080 serant
906 1018 1078 1102 praesepia
1099 1021 1241 1102 culmos,

388 1123 456 1185 Ore
474 1139 576 1183 novas
595 1139 733 1202 poscens
748 1120 969 1186 moribundus
988 1122 1112 1186 labitur
1128 1125 1269 1210 herbas,

287 1241 291 1252 ·
385 1225 426 1286 Et
442 1223 585 1286 tremulo
603 1221 730 1288 medios
746 1223 915 1306 abrumpit
931 1225 1057 1307 poplite
1073 1247 1187 1311 gyros.

386 1330 534 1410 Corpora
551 1327 632 1386 dum
650 1326 749 1389 solvit
772 1329 879 1409 tabes,
900 1339 932 1390 et
948 1329 1069 1416 digerit
1086 1340 1192 1414 artus,

385 1431 499 1496 Traxit
519 1430 607 1494 iners
626 1433 756 1495 coelum
778 1433 899 1497 fluidae
918 1435 1071 1522 contagia
1088 1437 1189 1519 pestis

386 1537 570 1599 Obscuram
590 1533 626 1596 in
646 1537 781 1598 nubem.
804 1537 879 1600 Tali
896 1537 1076 1620 spiramine
1097 1539 1191 1604 Nesis

385 1638 513 1704 Emittit
529 1637 682 1724 Stygium
701 1640 870 1714 nebulo&
890 1646 967 1704 ae'ra
987 1641 1089 1724 saxis,

385 1756 554 1829 Antraque
572 1744 692 1814 letiferi
713 1745 840 1810 rabiem
859 1748 1034 1830 Typhonis
1051 1747 1219 1820 anhelant.

383 1858 467 1920 Inde
485 1855 597 1914 labant
614 1850 746 1934 populi,
769 1851 928 1932 coeloque
948 1851 1095 1934 paratior
1115 1855 1207 1916 unda

386 1963 496 2024 Omae
516 1957 585 2042 pati
606 1956 710 2036 virus,
732 1954 864 2017 duravit
884 1955 1010 2018 viscera
1027 1977 1140 2020 coeno.
1159 1964 1163 1970 ’

384 2069 456 2130 Iam
474 2067 560 2151 riget
578 2071 650 2126 atra
670 2061 766 2148 eutis,
792 2041 998 2142 distentaque*
1017 2062 1146 2126 lumina
1164 2059 1301 2146 rumpit:

383 2175 553 2260 Igneaque
570 2170 605 2232 in
623 2171 753 2256 vultus,
776 2176 807 2229 et
825 2186 920 2232 sacro
939 2167 1069 2230 fervida
1087 2170 1207 2230 morbo
1302 2169 1336 2249 96

307 2267 316 2272 ’
384 2277 486 2342 Pestis
500 2273 582 2354 abit,
604 2273 792 2352 fessumque
811 2280 910 2355 caput
926 2291 961 2336 se
977 2273 1065 2334 ferre
1078 2283 1216 2336 recusat.

383 2381 456 2441 lam
476 2375 692 2462 magistatque
711 2372 817 2460 magis
833 2393 990 2460 praeceps
1006 2373 1074 2461 agit
1089 2374 1204 2438 omnia
1222 2373 1333 2436 fatumt
1387 2371 1388 2386 ³

383 2483 452 2544 Neo
466 2478 566 2542 medii
582 2477 743 2540 dirimunt
754 2476 864 2538 morbi
878 2475 1047 2560 vitamque
1065 2498 1262 2558 necemque;

383 2591 448 2654 Sed
460 2591 602 2674 languor
614 2605 692 2648 eum
705 2593 812 2648 morte
820 2583 932 2666 uenit,
952 2587 1114 2666 turbaque
1128 2587 1300 2648 cadentum

382 2696 488 2757 Aucta
503 2694 593 2773 lues,
610 2689 809 2758 dummixta
822 2688 930 2752 iacent
947 2687 1118 2752 incondita
1132 2689 1218 2754 vivis

383 2802 548 2883 Corpora:
562 2815 641 2860 nam
654 2793 791 2860 miseros
809 2794 896 2856 ultra
914 2792 1055 2858 tentoria
1072 2789 1180 2860 cives'
1271 2842 1276 2852 .

370 2909 557 2993 ¹Spargere,
578 2904 678 2968 funus
693 2911 774 2966 erat.
784 2902 910 2964 Tamen
927 2903 990 2964 hos
1004 2900 1155 2966 minuere
1172 2904 1299 2968 labores
1386 2879 1387 2903 Χ

285 3087 289 3098 ¹
380 3014 409 3073 A
424 3021 516 3096 tergo
528 3008 684 3094 pelagus,
704 3006 883 3087 pulsusque
900 3002 1119 3086 Aquilonibus
1136 3011 1213 3088 aar,

379 3114 572 3194 Litoraque,
588 3120 621 3174 et
633 3111 753 3194 plenae
770 3107 945 3196 peregrina
963 3129 1068 3174 messe
1088 3111 1229 3178 carinae.

420 3223 462 3281 At
478 3218 562 3280 liber
576 3227 682 3282 terrae
699 3215 849 3302 spatiosis
870 3217 1009 3282 collibus
1022 3217 1124 3284 hostis

378 3325 462 3386 Aere
477 3342 546 3386 non
559 3321 674 3408 pigro,
694 3341 756 3388 nee
769 3320 930 3386 inertibus
947 3312 1080 3410 angitur
1092 3322 1209 3402 undis3

377 3431 443 3492 Sed
458 3430 581 3513 patitur
596 3447 744 3509 saevam,
762 3426 866 3490 veluti
885 3427 1108 3492 oiroumdatus
1122 3437 1195 3490 arta

379 3535 579 3617 Obsidione,
592 3536 726 3598 famem.
742 3535 899 3608 Nondum
916 3534 1127 3622 surgentibus
1140 3537 1241 3598 altam

377 3642 417 3704 ln
429 3650 571 3728 segetem
588 3641 721 3724 culmis,
742 3641 847 3706 cernit
862 3640 1050 3726 miserabile
1064 3641 1188 3728 vulgus

346 3755 348 3760 '
375 3747 416 3808 In
431 3747 596 3828 pecudum
608 3745 762 3824 cecidisse
773 3748 882 3829 eibos,
896 3755 1073 3832 etearpere
1087 3747 1222 3828 dumos,

321 3893 324 3898 ,
379 3853 420 3914 Et
430 3871 542 3917 morsu
560 3851 702 3937 spoliare
714 3871 847 3935 nemus,
865 3854 1033 3934 letumque
1044 3847 1209 3916 minantes
