2824 4880
385 357 594 418 ursan
633 357 673 420 x.
714 359 875 437 utto„
1030 362 1089 424 aaa

123 507 331 590 infantulos,
347 505 552 587 Ptolemace,
564 516 673 588 caput.
690 505 744 568 Sic
754 507 896 570 barbara
907 507 1040 575 Colchis

120 615 273 682 Creditur
288 616 431 678 ultorem
446 622 595 675 metuens
611 595 791 697 regnique,
811 613 991 698 fugaeque,

117 724 204 786 Ense
222 743 300 804 suo,
317 720 493 801 fratrisque
509 718 610 782 simul
627 721 755 784 cervice
768 733 884 803 parata
905 749 913 768 ·

118 830 327 910 Exspectasse
344 835 481 908 patrem.
502 825 632 912 Cogunt
652 835 762 887 tamen
779 827 898 890 ultima
913 849 1027 891 rerum

116 933 217 1014 Spem
233 931 324 1014 pacis
336 917 460 992 tentare
471 931 607 991 ducem:
629 930 812 1010 missusque
827 933 957 995 salellas

115 1039 257 1126 Regius,
273 1047 434 1099 utsaevos
449 1033 591 1098 absentis
607 1056 689 1099 voce
707 1035 841 1117 tyranni
929 1094 931 1099 .

60 1184 62 1186 -
116 1143 306 1225 Corriperet
323 1141 483 1222 famulos,
496 1157 563 1220 quo
574 1141 701 1202 bellum
715 1150 849 1202 auctore
861 1150 1044 1204 moverent.

23 1303 25 1310 .
118 1253 183 1315 Sed
193 1269 301 1330 neque
312 1249 364 1310 ius
375 1245 493 1308 mundi
506 1245 629 1327 valuit,
646 1265 754 1326 neque
768 1247 902 1312 foedera
912 1258 1025 1312 sancta

116 1357 294 1442 Gentibus:
309 1367 421 1416 orator
436 1355 538 1441 regis,
557 1354 713 1437 pacisque
729 1367 916 1436 sequester,

116 1443 276 1525 Aestimat
289 1460 325 1523 in
343 1480 485 1524 numero
501 1462 664 1523 scelerum
683 1465 840 1544 ponenda
854 1473 1006 1548 tuorum,

118 1569 360 1651 Totmonstris,
372 1573 681 1655 Aegypte,nocens.
698 1571 772 1630 Non
782 1571 939 1660 Thessala
956 1572 1053 1634 tellus

116 1677 283 1754 Vastaque
293 1693 396 1758 regna
409 1675 530 1754 Iubae,
544 1692 613 1734 non
626 1675 767 1755 Pontus,
782 1683 815 1736 et
827 1661 932 1757 impia
942 1674 1038 1764 signa

116 1779 313 1862 Pharnacis,
330 1789 362 1843 et
375 1779 488 1866 gelido
500 1779 712 1842 circumfluus
729 1777 818 1843 orbis
827 1780 925 1843 Ibero

116 1887 263 1948 Tantum
273 1905 371 1948 ausus
382 1887 638 1980 scelprum,non
649 1885 755 1967 Syrtis
764 1887 1087 1967 barbara,quantum

115 1986 264 2050 Deliciae
280 1988 386 2049 fecere
400 1999 483 2049 tuae.
495 1987 619 2050 Premit
629 1987 777 2068 undique
787 1989 930 2069 bellum,
1027 1991 1087 2068 478

114 2093 222 2174 Inque
231 2095 369 2155 domum
381 2093 449 2154 iam
464 2095 528 2156 tela
539 2095 679 2174 cadunt,
695 2103 917 2174 quassantque
926 2104 1073 2175 penates.

113 2202 191 2262 Non
205 2200 289 2263 aries
305 2219 374 2264 uno
391 2209 542 2262 moturus
561 2199 679 2261 limina
694 2201 809 2282 pulsu,

115 2308 357 2386 Fracturusque
374 2306 529 2384 domum3
545 2325 616 2368 non
629 2305 700 2368 ulla
710 2313 757 2369 est
767 2305 923 2370 maehina
935 2307 1035 2371 belli:

114 2415 185 2476 Nec
195 2411 338 2476 flammis
348 2415 527 2476 mandatur
543 2409 642 2496 optis:
661 2416 719 2478 sed
737 2435 834 2477 caeca
847 2415 1005 2482 iuventus

115 2519 273 2600 Consilii,
290 2529 397 2584 vastos
414 2519 517 2580 ambit
533 2519 642 2580 divisa
658 2528 809 2600 penates,
884 2589 886 2593 ,

113 2629 156 2688 Et
173 2647 338 2707 nusquam
351 2625 425 2688 totis
438 2624 585 2688 incursat
601 2625 729 2686 viribus
743 2643 876 2710 agmen.

7 2795 9 2820 L
114 2733 196 2793 Fata
212 2741 339 2812 vetant,
357 2731 512 2810 murique
523 2710 631 2791 vicem
645 2729 779 2791 fortuna
796 2740 915 2793 tuetur.

153 2837 233 2917 'Nec
245 2855 314 2900 non
328 2845 360 2898 et
374 2835 498 2897 ratibus
513 2843 657 2896 tentatur
671 2834 781 2921 regia,
798 2855 911 2914 quase

115 2941 258 3005 Protulit
268 2941 303 3003 in
319 2939 447 3004 medios
466 2939 585 3002 audaci
599 2939 752 3024 margine
768 2931 886 3000 fluctus

114 3046 300 3110 Luxuriosa
319 3048 447 3107 domus.
462 3047 525 3107 Sed
541 3047 632 3106 adest
645 3044 797 3106 defensor
811 3042 937 3124 ubique

115 3157 253 3236 Caesar,
267 3165 299 3216 et
313 3155 374 3216 hos
389 3153 481 3216 aditu
493 3154 628 3240 gladiis,
648 3157 709 3216 hos
722 3153 857 3240 ignibus
868 3159 974 3214 arcet:

115 3264 341 3340 Obsessusque
356 3261 442 3346 gerit
460 3262 572 3344 (tanta
586 3271 633 3324 est
645 3260 828 3325 constantia
840 3241 981 3342 mentis)

113 3368 343 3453 Expugnantis
356 3387 450 3449 opus.
467 3369 566 3432 Piceo
578 3369 669 3432 iubet
683 3367 832 3454 unguine
846 3376 948 3428 tactas

113 3475 301 3556 Lampadas
317 3472 452 3535 immitti
467 3473 588 3536 iunctis
601 3473 637 3535 in
654 3475 743 3534 bella
758 3469 890 3534 carinis.

117 3569 185 3640 Nec
201 3577 297 3664 piger
307 3579 394 3665 ignis
404 3589 474 3642 erat
488 3579 703 3664 persiuppea
721 3579 869 3659 vincula,
889 3569 1017 3660 perque
1046 3595 1047 3600 ’
1092 3566 1095 3575 ’

117 3686 290 3746 Manantes
310 3705 385 3747 cera
403 3675 546 3764 tabulas3
564 3697 595 3748 et
611 3695 757 3768 tempore
769 3685 887 3746 eodem

117 3793 343 3876 Transtraque
359 3805 536 3858 nautarum
551 3795 740 3878 summique
756 3813 865 3859 arsere
880 3791 1024 3858 ceruchi.
