2790 4874
378 435 437 496 rio
638 421 1088 492 PHAttsAL'IAE
1193 429 1301 490 mii.

373 575 560 640 Defendens
577 579 681 636 tutam
698 574 752 636 vel
771 571 849 638 solis
864 571 1010 636 turribus
1026 573 1156 636 urbem.

372 683 447 744 Non
464 698 548 762 opus
564 680 650 742 hane
666 687 830 759 veterum,
847 697 909 739 neo
925 677 1029 740 moles
1051 685 1177 741 structa
1192 679 1319 762 tuetur,

371 787 612 862 Humanusque
629 781 746 866 labor,
766 777 887 861 facilis,
902 777 981 842 lieet
1001 779 1105 842 ardua
1124 781 1238 865 tollat,

374 891 498 954 Cedere
518 887 572 950 vel
592 886 706 967 bellis,
719 885 775 949 vel
794 895 912 948 cuncta
931 883 1142 950 moventibus
1158 886 1277 954 annisi

372 995 438 1056 Sed
455 991 629 1054 munimen
643 987 743 1050 hahet
756 987 852 1049 nullo
869 985 1055 1066 quassabile
1069 986 1175 1069 ferro,

292 1121 295 1124 ·
371 1096 548 1172 Naturam,
560 1090 739 1168 sedemque
756 1086 832 1150 loci.
852 1089 938 1150 Nam
956 1089 1068 1152 clausa
1085 1092 1256 1174 profundo

370 1201 527 1282 Undique
537 1197 725 1282 praecipiti,
738 1197 947 1280 scopulisque
963 1199 1175 1268 vomentibus
1189 1221 1327 1289 aequor,

371 1310 501 1396 Exiguo
520 1311 633 1388 debet,
650 1307 741 1387 quod
761 1324 829 1368 non
849 1303 1034 1386 estinsula,
1055 1307 1145 1372 colli.

369 1416 550 1482 Terribiles
566 1412 691 1477 ratibus
709 1420 891 1476 sustentant
910 1412 1041 1474 moenia
1062 1423 1171 1478 cautes
1181 1437 1193 1495 3

370 1520 569 1597 liiniumque
589 1517 719 1596 furens,
736 1513 854 1598 rapido
875 1535 954 1576 eum
968 1515 1102 1578 'tollitur
1118 1519 1254 1600 Austro,

371 1626 511 1710 Templa
527 1623 709 1704 domosque
724 1619 855 1704 quatit,
865 1631 1064 1708 spumatque
1076 1620 1114 1686 in
1124 1623 1275 1710 ,eulmina

923 1731 1058 1814 pontius.

409 1839 498 1902 Hinc
514 1835 648 1900 avidam
665 1834 746 1902 belli
763 1835 873 1919 rapuit
891 1855 965 1918 spes
984 1835 1138 1920 improba
1154 1843 1298 1904 mentem

370 1942 533 2024 Caesaris,
553 1951 591 2004 ut
605 1940 705 2006 vastis
722 1936 880 2004 diffusum
898 1940 1040 2006 collibus
1058 1945 1188 2007 hostem

368 2049 523 2133 Cingeret
540 2047 709 2133 ignarum,
731 2048 831 2142 ducto
845 2049 962 2128 procul
979 2067 1100 2135 aggere
1119 2049 1213 2114 valli.

366 2151 503 2213 Metitur
522 2160 624 2213 terras
643 2149 763 2212 oeulis:
781 2170 843 2212 nee
859 2149 980 2232 cespite
1002 2160 1132 2218 tantum
1288 2157 1323 2216 da

368 2257 548 2316 Contentus
568 2253 681 2348 fragili
698 2253 824 2316 subitos
844 2255 994 2318 attollere
1012 2275 1143 2340 muros,

273 2435 281 2446 ·
365 2363 519 2448 Ingentes
540 2368 668 2441 cautes,
687 2361 868 2440 avulsaque
890 2378 969 2424 saxa
985 2361 1144 2442 metallis,

367 2465 612 2546 Graiorumque
633 2466 765 2546 domos,
788 2464 984 2550 direptaque
995 2465 1131 2533 moenia
1149 2467 1305 2532 transfert.

366 2577 568 2660 Exstruitur,
588 2577 679 2657 quod
697 2594 768 2638 non
791 2572 875 2636 aries
893 2573 1067 2657 impellere
1089 2593 1225 2658 saevus,

346 2755 348 2764 ‚
365 2686 466 2769 Quod
482 2703 551 2747 non
573 2683 644 2744 ulla
663 2691 763 2762 queat
781 2680 920 2744 violenti
938 2681 1096 2746 maehina
1112 2681 1205 2746 belli.

365 2793 576 2878 Franguntur
596 2795 742 2868 montes,
763 2775 967 2870 planumque
985 2809 1047 2872 per
1066 2787 1172 2851 ardua
1190 2790 1302 2852 Caesar

364 2893 465 2958 Ducit
480 2913 579 2976 opus:
597 2891 714 2975 pandit
729 2884 846 2974 fossas,
869 2892 1051 2974 turritaque
1069 2891 1211 2974 summis

365 2994 523 3080 Disponit
539 2996 672 3056 castella
687 2995 793 3082 iugis,
808 3016 997 3086 magnoque
1016 2991 1157 3062 recessu-

363 3102 544 3182 Amplexus
561 3097 662 3182 fines,
679 3102 798 3181 saltus,
818 3120 1057 3182 nemorosaque
1074 3112 1205 3186 tesqua,

364 3205 404 3266 Et
421 3204 537 3285 silvas,
552 3214 710 3286 vastaque
729 3205 814 3267 feras
832 3204 989 3291 indagine
1006 3204 1140 3269 claudit.

363 3311 437 3370 Non
457 3294 575 3372 desunt
592 3309 719 3391 campi,
740 3329 808 3378 non
826 3311 945 3372 desunt
960 3310 1086 3393 pabula
1103 3312 1244 3398 Magno,

364 3419 542 3496 Castraque
564 3419 724 3480 Caesareo
746 3415 969 3480 circumdatus
985 3435 1108 3504 aggere
1127 3424 1244 3480 mutat.

361 3521 515 3585 Flumina
532 3531 579 3584 tot
596 3541 709 3586 cursus
727 3519 799 3586 illio
821 3527 935 3582 exorta
954 3519 1115 3608 fatigant,

360 3626 436 3690 Illic
459 3645 566 3688 mersa
589 3645 679 3690 suos:
698 3645 904 3709 operumque
926 3633 965 3688 ut
980 3645 1110 3690 summa
1126 3625 1259 3710 revisat,
1376 3701 1377 3714 χ

244 3779 251 3784 -
360 3726 526 3796 Deffessus
547 3733 665 3796 Caesar
684 3732 801 3796 mediis
820 3731 1018 3796 intermanet
1039 3733 1142 3819 agris.

261 3850 269 3880 t
361 3837 457 3902 Nunc
473 3845 565 3916 vetus
579 3835 698 3906 Iliacos
714 3838 841 3901 attollat
855 3836 970 3910 fabula
987 3857 1124 3924 muros,
