2790 4874
300 365 505 429 evena
545 367 643 432 v11.
683 371 785 432 aer.
963 371 1024 456 159

70 513 153 601 Quid
165 513 281 578 muudi
294 513 423 600 gladios
434 536 454 578 a
465 513 625 600 sanguine
636 513 781 578 Caesaris
794 513 906 580 arces?

69 621 199 685 Vibrant
212 619 278 684 tela
292 633 428 684 manns:
444 619 500 682 tin
514 620 606 706 signa
623 619 787 682 morantia
804 622 980 703 quisquam

67 731 249 814 Exspectat:
268 707 424 813 propera,
441 735 530 788 nete
550 735 606 788 tua
620 723 752 803 classica
763 725 927 806 linquant.

65 834 148 897 Scire
160 825 295 896 Senatus
309 841 399 912 avet,
413 829 507 894 miles
522 839 566 911 te,
582 827 717 914 Magne,
730 842 901 915 sequatur,

66 938 114 998 An
127 956 243 1000 comes.
260 933 426 1019 Ingemuit
437 942 557 1013 rector,
567 932 732 1012 sensitque
744 933 894 998 Deorum

66 1044 135 1106 Esse
150 1045 258 1124 dolos,
272 1051 304 1105 et
317 1039 383 1104 iata
398 1053 477 1103 suae
491 1039 655 1107 contraria
670 1039 782 1104 menti.
810 1097 814 1107 ,

67 1145 98 1206 si
112 1147 214 1228 placet
230 1142 441 1227 hoc,inquit,
462 1144 602 1222 cunctis,
622 1141 649 1206 si
670 1141 776 1207 milite
787 1147 926 1230 Magno,

66 1247 137 1316 Non
147 1248 232 1307 duce
248 1255 375 1326 tempus
387 1251 474 1330 eget,
485 1243 534 1306 nil
551 1239 639 1306 ultra
657 1245 723 1308 sata
738 1247 904 1309 morabor.

66 1350 209 1412 Involvat
228 1349 369 1431 populos
382 1367 450 1409 una
464 1349 608 1410 Fortuna
622 1349 733 1430 ruina,

68 1453 169 1533 Sitque
185 1451 358 1515 homiuum
374 1469 515 1535 magnae
528 1451 586 1514 lux
601 1450 663 1514 ista
679 1452 856 1517 novissima
870 1456 967 1538 parti.

66 1557 181 1638 Testor,
191 1557 308 1637 Roma,
318 1567 437 1637 tamen,
449 1555 619 1642 Magnum,
635 1577 702 1636 quo
713 1570 829 1621 cuncta
841 1563 1000 1644 perirent,

65 1665 227 1749 Accepisse
239 1665 337 1728 diem.
359 1663 469 1726 Potuit
484 1663 545 1726 tibi
557 1667 695 1728 vulnere
708 1667 802 1728 nullo

65 1775 147 1838 Stare
159 1777 253 1838 labor
267 1770 366 1837 belli:
382 1773 490 1857 potuit
502 1773 572 1836 sine
589 1776 689 1837 caede
706 1777 891 1862 subactum,

64 1879 296 1964 Captivumque
309 1882 426 1943 ducem
441 1875 584 1942 violatae
596 1882 723 1942 tradere
739 1881 826 1944 Paci.

64 1981 141 2066 Quis
152 1985 260 2070 furor,
275 2006 297 2048 o
315 1985 415 2068 uacci,
435 1985 620 2048 scelerum?
637 1983 755 2046 Civilia
771 1987 860 2050 bella

66 2087 201 2172 Gesturi,
213 2099 381 2174 metuunt,
398 2111 439 2153 ne
454 2109 521 2152 nou
537 2109 611 2152 cum
626 2088 785 2174 sauguine
798 2089 943 2155 vincant.¹
971 2101 1011 2178 96

64 2195 255 2260 Abstulimus
268 2207 378 2278 terras,
395 2194 591 2258 exclusimus
606 2211 749 2273 aequore
763 2201 850 2276 τοῖο,

64 2301 110 2360 Ad
122 2313 343 2384 praematuras
357 2313 503 2388 segetum
521 2299 633 2360 ieiuna
651 2297 783 2380 rapinas

64 2403 195 2488 Agmina
212 2405 446 2490 compulimus,
463 2414 643 2483 votumque
662 2397 828 2465 effecimus
847 2405 948 2489 hosti,

64 2510 103 2570 Ut
117 2506 225 2574 maliet
239 2511 341 2574 sterni
356 2509 489 2596 gladiis,
505 2519 710 2588 mortemque
728 2529 864 2571 suorum

63 2617 255 2684 Permiscere
272 2618 362 2681 mels.
380 2617 463 2685 Belli
481 2631 556 2699 pars
573 2633 694 2699 magna
709 2625 841 2697 peracta
861 2624 909 2679 est

63 2721 131 2804 His,
142 2724 261 2804 quihus
274 2719 427 2795 effectum
441 2731 506 2805 est,
521 2743 564 2784 ne
578 2739 726 2807 pugnam
742 2721 805 2786 tiro
820 2735 971 2806 paveret;

62 2825 93 2886 Si
106 2830 204 2891 modo
217 2828 345 2892 virtutis
361 2830 518 2912 stimulis,
536 2832 671 2911 iraeque
691 2831 799 2893 calore

62 2929 153 3017 Signa
166 2943 291 3018 petunt.
309 2935 430 2997 Multos
441 2933 478 2996 in
496 2955 624 2997 summa
638 2934 784 3017 pericula
799 2935 888 2999 misit

62 3035 193 3102 Venturi
209 3039 308 3104 timor
322 3041 391 3124 ipse
407 3039 495 3102 mali.
516 3039 720 3102 Fortissimus
739 3038 797 3102 ille
817 3051 879 3123 est,

62 3146 121 3230 Qui
138 3161 287 3230 promtus
298 3149 474 3212 metuenda
487 3147 574 3230 pati,
590 3146 619 3211 si
637 3147 785 3210 cominus
801 3147 940 3234 instent,

43 3307 47 3316 .
61 3253 95 3316 Et
105 3251 237 3319 differre
253 3266 367 3340 potest.
385 3253 493 3317 Placet
506 3257 587 3318 haec
603 3265 670 3316 tam
685 3273 841 3338 prospera
856 3278 968 3320 rerum

61 3359 197 3423 Tradere
210 3361 397 3423 Fortunae?
412 3341 523 3448 gladio
538 3359 726 3443 permittere
739 3361 857 3422 mundi

62 3467 237 3530 Discrimen
247 3471 262 3530 Ρ
271 3489 417 3556 pugnare
429 3471 561 3550 ducem,
575 3487 674 3548 quarn
684 3467 830 3550 vincere,
842 3469 980 3558 malunt.

61 3567 117 3632 Res
130 3569 214 3632 mihi
226 3573 392 3633 Romanas
406 3571 557 3652 dederas,
577 3571 737 3651 Fortuna,
750 3571 927 3656 regendas:
1008 3615 1010 3619 -

61 3674 172 3757 Accipe
190 3675 345 3757 maiores,
359 3687 391 3737 et
408 3693 504 3738 caeco
517 3673 552 3735 in
570 3677 675 3767 Matre
691 3684 792 3736 tuere.
883 3657 887 3664 ’

60 3781 202 3866 Pompeii
218 3805 278 3846 nec
295 3783 421 3846 crimen
436 3782 496 3850 erit
505 3829 515 3865 ,
531 3801 592 3845 nec
608 3781 715 3868 gloria
728 3785 864 3847 bellum.
