2852 4878
344 285 573 398 'brnen
614 335 641 399 1.
681 337 808 425 esus.=
1023 341 1062 421 ,ρ
1183 329 1185 336 ’

91 471 279 538 Emittunt:
293 475 505 558 produntque
520 495 595 540 suas
616 485 748 542 omenta
761 477 912 542 latebrae.
956 482 959 486 ’

94 579 287 663 Quodque,
303 579 413 644 nelos!
428 580 529 644 nullis
546 580 683 663 impune
701 581 854 664 apperuit
873 579 972 666 extis,

16 683 17 694 ’
94 688 197 769 Ecce,
217 685 310 755 videt
320 686 420 769 capiti
434 685 593 752 fibrarum
611 686 791 751 increscere
809 691 934 752 molem

95 786 244 870 Alterius
261 789 384 872 cepitis.
398 792 477 854 Pers
490 807 588 876 aegra
606 799 639 852 et
657 790 804 853 marcide
820 793 960 873 pendet:

96 898 180 962 Pars
194 895 314 977 micet,
333 905 366 958 et
379 895 477 960 celeri
496 913 597 958 venas
614 903 725 956 movet
739 893 891 978 improba
904 897 1018 978 pulsu,

97 1000 163 1065 His
176 1001 237 1064 ubi
250 1001 400 1084 concepit
413 1020 610 1088 magnorum
628 1001 695 1062 fata
709 1001 890 1082 melorum,

100 1108 293 1172 Exclamat:
306 1107 371 1172 Vix
385 1109 449 1192 fos,
462 1107 597 1190 Superi,
613 1125 831 1190 quaecunque
842 1108 999 1189 movetis,

100 1215 249 1290 Prodere
257 1235 311 1276 me
321 1213 470 1296 populis:
480 1234 589 1294 neque
601 1212 690 1276 enim
700 1211 776 1292 tibI,
787 1233 933 1295 summe,
948 1214 1058 1299 litavi,

100 1316 476 1400 Iupiter,hcc‚sacrum:
495 1316 645 1398 caesique
661 1316 696 1378 in
718 1315 843 1382 viscere
858 1318 944 1388 tauri

101 1422 234 1486 Inferni
253 1444 372 1488 venere
387 1422 458 1488 Dei.
473 1425 547 1486 Nou
561 1422 662 1485 fanda
680 1419 846 1486 timemuse

102 1527 169 1590 Sed
183 1526 319 1592 venient
337 1525 463 1590 maiore
479 1537 580 1590 melu.
601 1523 728 1592 Divisa
745 1528 941 1612 secundent,

102 1631 145 1694 Et
162 1630 258 1695 fibris
279 1632 321 1694 sit
337 1633 431 1694 nulla
448 1629 543 1709 fides3
558 1635 615 1694 sed
632 1630 783 1696 conditor
801 1633 880 1696 ortis

104 1737 254 1800 Finxerit
268 1736 456 1826 lstaTages.
474 1741 574 1800 Flexa
594 1737 642 1802 eie¹
661 1735 774 1800 omino
796 1739 921 1802 Tuscus

104 1843 304 1926 Involvens,
320 1845 490 1924 multaque
507 1855 617 1930 tegens
631 1843 771 1928 ambage
783 1844 930 1906 canebat.

147 1951 192 2011 Ae
212 1949 361 2036 Figulus,
378 1949 431 2012 cui
449 1971 544 2032 cura,
566 1952 656 2012 Deos
673 1959 862 2029 secreteque
881 1946 964 2045 eoqlr'
1004 1951 1062 2030 639

15 2089 17 2106 ›
106 2054 311 2138 Nosse,fuit,
326 2066 425 2138 quem
436 2059 681 2121 nonstellnrum
691 2055 854 2143 Aegyptia
863 2053 1025 2144 Merenlsis

107 2156 276 2237 Aequaret
285 2156 371 2240 visu,
385 2157 595 2240 numerisque
613 2157 822 2222 moventibus
841 2167 942 2238 ostra,
973 2185 978 2192 ·

108 2264 180 2324 Aut
194 2261 251 2325 hic
272 2274 374 2344 errat,
394 2261 455 2345 ait,
468 2263 537 2326 ulla
547 2262 617 2326 sine
632 2264 706 2350 lege
725 2283 786 2348 per
806 2281 925 2324 nevum

109 2369 277 2450 Mundus,
297 2378 328 2430 et
341 2366 467 2432 incerto
486 2367 675 2432 discurrunt
695 2369 801 2450 sidera
816 2380 925 2432 motu:

110 2474 194 2556 Aut,
213 2473 241 2536 si
257 2475 325 2536 fata
337 2485 487 2558 movent,
502 2475 584 2538 Urbi
595 2475 777 2562 generique
792 2486 926 2558 paratur

110 2583 271 2643 Humano
289 2591 419 2644 matura
428 2583 509 2646 lues.
525 2583 690 2644 Terraene
707 2579 889 2660 dehiscent,

113 2685 354 2768 Subsidentque
371 2687 490 2750 urbest
511 2705 555 2748 an
569 2687 661 2749 tollet
674 2683 819 2748 fervidus
836 2689 893 2746 a‘e'r

85 2837 86 2842 η
113 2791 348 2876 Temperiem?
364 2802 506 2879 segetem
519 2793 621 2856 tellus
631 2787 735 2852 infida
752 2786 909 2873 negabit?

116 2899 236 2964 Omnis
252 2923 296 2964 an
307 2895 422 2964 inlusis
436 2899 623 2964 miscebitur
638 2899 729 2959 unde
744 2895 900 2958 venenis?

116 3013 219 3096 Quod
234 3012 335 3076 cladis
347 3033 468 3100 genus,
481 3031 502 3074 o
512 3007 646 3092 Superi,
666 3026 732 3088 qua
747 3015 837 3088 peste
856 3003 981 3088 paretis

116 3119 315 3184 Saevitiam?
333 3120 471 3184 extremi
486 3119 666 3182 multorum
680 3125 807 3194 tempus
822 3109 858 3172 in
872 3130 985 3196 unum
1103 3191 1106 3200 ,

119 3231 313 3292 Convenere
324 3229 404 3292 dies.
422 3229 558 3290 Summo
572 3223 599 3287 si
613 3221 732 3306 frlgida
752 3219 844 3282 coelo
957 3299 959 3305 Ι

117 3336 220 3397 Stella
235 3348 362 3398 nocens
376 3333 488 3420 nigros
505 3329 637 3400 Saturni
653 3327 845 3390 accenderet
861 3325 971 3412 ignes,

118 3443 359 3508 Deucalioneos
376 3440 512 3506 fudisset
530 3437 693 3520 Aquarius
714 3437 854 3520 imbres,

119 3547 270 3625 Totaque
284 3540 404 3608 diffuso
422 3541 614 3608 latuissetin'
634 3559 778 3621 aequore
796 3541 901 3602 tellus.

120 3646 157 3709 Si
174 3667 307 3712 saevum
325 3644 425 3710 radiis
442 3649 655 3728 Nemeaeum,
673 3643 820 3724 Phoebe,
839 3645 984 3709 Leonem

121 3755 219 3818 Nunc
231 3769 411 3844 premeres,
424 3761 493 3814 toto
505 3751 643 3814 fluerent
661 3747 814 3818 incendia
828 3749 974 3829 mundo,
