2788 4880
185 393 526 476 rnrusumur
550 381 643 456 rte.
663 394 736 457 111.
756 415 788 458 v.
812 395 858 458 ιε.
973 400 1012 462 n

2 523 3 538 ³
70 533 266 622 Eumenidas,
282 548 453 621 quaterent
467 558 549 620 quas
560 539 675 604 uestris
687 541 857 624 lampadas
871 541 981 608 annin

70 647 232 728 Praeparat
245 645 437 711 innumeras
454 665 580 729 puppes
589 633 783 711 Acherontis
800 647 908 714 adusti

70 747 213 814 Portitor:
226 747 263 812 in
279 749 399 812 multas
412 749 564 811 laxantur
577 749 714 810 Tartara
731 729 865 834 poenas.

71 852 230 936 Vinoperi
244 855 528 934 cunctae,'dextra
548 864 762 937 properante,
781 857 915 923 Sorores
1006 871 1011 879 '

71 952 246 1018 Sufficiunt:
261 957 383 1020 lassant
397 965 588 1036 rumpentes
604 957 746 1020 stamina
762 959 889 1024 Parcas.
972 1015 975 1024 .

71 1064 207 1151 Coniuge
221 1085 274 1126 me
294 1061 550 1145 laetosduxisti,
567 1065 701 1150 Magne,
720 1065 923 1151 triumphos:
1011 1108 1016 1118 ι

72 1171 202 1232 Fortuna
214 1178 263 1236 eat
278 1177 404 1234 mutata
420 1169 517 1234 toris:
535 1190 730 1252 semperque
746 1157 896 1256 potentes

73 1280 239 1346 Detrahere
254 1277 291 1340 in
310 1279 438 1340 cladem
453 1277 521 1338 fato
539 1277 695 1338 damnata
713 1277 858 1360 maritos,
883 1319 885 1324 -

72 1378 219 1466 Innupsit.
230 1383 343 1466 tepido
359 1385 467 1465 pellex
484 1380 637 1456 Cornelia
653 1383 760 1444 husto.
833 1449 837 1474 κ

73 1486 203 1568 Haereat
218 1485 277 1552 illa
293 1483 357 1548 tuis
372 1506 432 1567 per
447 1483 551 1565 bella,
570 1503 631 1566 per
650 1501 794 1565 aequora
812 1487 840 1550 si
865 1487 932 1572 nis,

72 1593 152 1654 Dum
162 1611 232 1664 non
241 1609 377 1660 seouros,
384 1590 482 1654 liceat
495 1591 578 1655 mihi
591 1611 745 1672 rumpere
761 1507 912 1676 soniis,

73 1697 110 1758 Et
123 1697 250 1759 nullum
265 1704 374 1758 restro
390 1713 533 1758 vacuum
549 1693 592 1758 sit
610 1703 739 1776 tempus
758 1695 881 1778 amori,

74 1803 132 1866 sed
147 1809 253 1866 teneat
268 1803 453 1879 Caesarque
466 1799 551 1880 dies,
565 1806 597 1860 et
612 1797 698 1860 Iulia
715 1809 836 1862 noctes.
876 1805 881 1820 '

74 1909 124 1972 Me
134 1927 198 1972 non
214 1896 391 1988 Lethaeae,
405 1904 543 1983 eoniux,
557 1901 682 1966 oblivia
697 1902 790 1986 ripae

73 2011 297 2074 Immemorem
314 2011 421 2072 fecere
435 2007 498 2085 tui;
513 2026 671 2093 regesque
684 2006 840 2070 silentum

75 2114 246 2178 Permisere
258 2113 361 2193 sequi.
384 2109 539 2192 Veniam,
555 2119 587 2172 te
605 2110 693 2171 bella
708 2119 862 2193 gerente,
913 2195 917 2206 Ι
985 2117 1024 2180 30

73 2221 110 2281 ln
120 2220 241 2298 medias
249 2219 352 2297 aries:
369 2236 543 2298 nunquam
552 2215 627 2300 tihi,
638 2221 774 2304 Magne,
787 2241 847 2302 per
857 2224 992 2290 umbras

76 2327 193 2410 Perque
206 2344 297 2390 meos
312 2344 424 2388 manes
439 2344 564 2410 genero
582 2345 652 2388 non
669 2347 737 2390 esse
753 2326 873 2392 licebit.
992 2369 995 2378 ,

75 2427 215 2490 Abscidis
233 2427 353 2491 frustra
368 2427 455 2490 ferro
473 2433 528 2505 tua
541 2427 692 2512 pignora.
713 2430 842 2492 Bellum
931 2473 937 2484 ι
956 2452 976 2494 μ

75 2534 119 2596 Te
133 2534 230 2597 faciet
246 2533 344 2611 civile
361 2552 484 2596 meum.
497 2533 550 2596 Sic
567 2533 649 2616 fata,
663 2535 786 2622 refugit

76 2639 195 2702 Umbra
207 2661 266 2722 per
281 2641 455 2722 amplexus
473 2641 594 2723 trepidi
610 2641 736 2725 dilapsa
751 2644 871 2708 mariti.

18 2797 21 2806 ,
112 2739 188 2821 Ille,
202 2739 265 2805 Dei
276 2740 426 2822 quamuis
442 2743 586 2824 sladem,
600 2763 779 2826 manesque
793 2749 975 2832 minentur,
1067 2745 1074 2752 ’

75 2844 178 2908 Maior
193 2845 231 2910 in
244 2865 337 2910 arma
352 2844 434 2927 ruit,
451 2856 538 2908 certa
555 2868 631 2908 cunr
644 2845 754 2921 mente
769 2853 944 2914 malorum.

75 2949 126 3030 Et,
143 2949 241 3032 quid,
257 2949 320 3030 ait,
339 2947 418 3010 uani
433 2958 593 3011 terremur
609 2949 754 3036 imagine
773 2951 886 3015 visus?
992 2995 995 3000 ,
1019 2950 1021 2954 ’

76 3053 138 3114 hut
157 3051 240 3114 nihil
251 3061 301 3114 est
315 3071 427 3114 sensus
442 3051 561 3114 animis
574 3071 594 3112 a
607 3063 713 3116 morte
730 3054 899 3137 relictum,

75 3158 138 3216 hut
149 3175 237 3220 mors
252 3154 324 3238 ipsa
337 3153 430 3216 nihil.
444 3153 545 3218 ,Titan
562 3153 629 3216 iam
647 3173 771 3236 pronus
789 3155 825 3216 in
842 3155 947 3220 undas

2 3296 3 3302 κ
75 3263 162 3342 lhat,
179 3269 210 3322 et
224 3256 359 3344 igniferi
381 3267 508 3320 tantum
523 3257 720 3318 demerserat
736 3256 842 3339 orbis,

75 3367 243 3450 Quantum
260 3363 369 3424 deesse
385 3361 467 3422 solet
483 3362 670 3439 1unae‚seu
685 3360 784 3442 plena
800 3359 910 3422 futura
925 3368 987 3445 est,

74 3473 139 3534 Seu
157 3468 223 3532 iam
238 3469 338 3551 plena
353 3466 434 3530 fuit:
451 3475 527 3528 tune
541 3465 660 3528 ohtulit
673 3464 802 3548 hospita
818 3467 915 3530 tellus
992 3502 997 3522 .

74 3575 247 3658 Puppibus
261 3593 406 3642 accessus
423 3571 555 3648 faeiles:
569 3569 679 3655 legire
694 3574 866 3655 rudentes,
884 3643 885 3648 η
971 3599 974 3606 ·

75 3683 117 3742 Et
133 3680 241 3764 posito
257 3679 355 3742 remis
371 3677 538 3761 petierunt
550 3675 649 3740 litora
666 3680 764 3752 malo.
795 3715 797 3722 t

116 3789 250 3870 Caesar,-
263 3787 445 3860 utemissas
460 3784 552 3852 uenti
563 3804 703 3870 rapuere
715 3785 861 3867 carinas,
