2824 4880
305 408 508 476 LIBER
549 415 663 482 VII'I.
706 420 829 499 abab
870 438 874 446 ’
985 446 1041 490 211

85 550 236 620 Forsitan
249 568 306 620 aut
322 559 414 621 sulco
427 558 530 623 sterili
544 581 620 624 eum
638 581 774 645 poscere
788 563 890 628 finem

85 651 269 746 ASuperis,
287 675 345 728 aut
358 670 465 760 Roma
475 671 563 733 volet
579 667 735 735 feralibus
745 673 883 758 Austris,

84 769 224 853 ignibus
241 779 296 834 aut
310 767 439 856 nimiis,
457 786 514 837 aut
528 785 631 839 terrae
649 786 732 840 tecta
745 776 906 860 moventi3

85 874 236 938 Consilio
253 875 409 958 iussuque
420 877 528 942 Deflm
546 879 697 944 transibis
709 881 746 944 in
760 886 891 967 urbem,

84 977 340 1067 Magnegtuam,
354 1001 566 1066 summusque
579 979 662 1050 feret
675 995 730 1052 tua
744 991 839 1054 busta
850 977 1010 1056 sacerdos·

84 1079 169 1146 Nam
181 1085 255 1166 quis
266 1085 309 1148 ad
320 1098 482 1170 exustam,
498 1089 625 1153 Cancro
641 1101 797 1175 torrente,
812 1089 957 1178 Syenem

83 1191 163 1274 ibit,
180 1202 213 1254 et
229 1191 399 1256 imbrifera
417 1196 519 1258 siccas
535 1198 598 1259 sub
615 1191 728 1260 Pliade
739 1199 868 1263 Thebas

84 1297 255 1379 Spectator
272 1301 354 1363 Nili:
373 1299 445 1382 quis
460 1301 553 1364 rubri
566 1313 682 1388 stagna
700 1297 877 1384 profundi,

84 1404 149 1465 Aut
165 1405 312 1466 Arabum
330 1419 444 1489 portus
462 1405 578 1482 mercis
596 1417 741 1488 mutator
758 1409 861 1488 ane,

84 1503 221 1588 Magne,
233 1515 339 1586 petet,
354 1527 453 1586 quem
465 1528 533 1572 non
545 1507 664 1570 tumuli
674 1505 862 1570 venerabile
870 1521 1001 1589 sexum,

83 1605 124 1666 Et
135 1605 219 1669 cinis
231 1607 269 1668 in
285 1607 423 1670 summis
435 1607 546 1670 forsan
563 1611 711 1672 turbatus
725 1607 848 1690 arenis,
969 1589 971 1594 ⁵

84 1715 262 1776 Advertet?
280 1734 458 1796 manesque
474 1726 547 1779 tuos
561 1717 692 1797 placare
710 1713 852 1798 iubebit,
900 1705 904 1712 ’

9 1887 10 1892 1
83 1817 123 1882 Et
137 1819 235 1884 Casio
248 1821 414 1904 praeferre
432 1821 528 1882 Iovi?
549 1817 604 1883 Nil
614 1820 675 1884 ista
691 1823 861 1883 nocebunt

83 1925 206 1984 Famae
222 1923 316 1986 busta
334 1932 418 1985 tuae.
433 1922 580 2006 Templis
595 1942 743 2004 auroque
757 1927 903 2007 sepultus

84 2022 197 2089 Vilior
209 2028 327 2089 umbra
337 2027 437 2090 forest
452 2047 542 2089 nunc
553 2037 600 2090 est
614 2047 676 2110 pro
687 2028 824 2090 numine
834 2027 978 2108 sumina,

83 2131 159 2192 Hoc
176 2131 302 2194 tumulo
316 2132 459 2192 Fortuna
472 2129 592 2194 iacens.
611 2130 789 2218 Augustius
805 2129 870 2194 aris
984 2122 1042 2190 861

85 2230 230 2294 Victoris
245 2231 371 2315 Libyco
387 2233 537 2314 pulsatur
550 2233 592 2294 ab
606 2245 749 2312 aequore
765 2247 890 2293 saxumr

82 2334 235 2419 Tarpeiis
251 2337 309 2417 qui
321 2355 418 2420 saepe
437 2333 514 2402 Deis
531 2357 591 2400 sua
608 2345 681 2400 tura
696 2343 875 2422 negarunt,
955 2354 957 2360 ’

85 2437 255 2508 Inclusum
265 2443 395 2505 Thusco
408 2451 607 2505 venerantur
621 2440 742 2523 cespite
756 2442 893 2503 fulmen.

91 2578 95 2595 «
124 2551 278 2616 Proderit
286 2555 351 2615 hoc
365 2552 462 2634 olim,
480 2553 570 2632 quod
588 2567 657 2612 non
671 2562 825 2611 mansura
835 2540 956 2612 futuris
977 2577 979 2580 ·

86 2657 200 2718 Ardua
220 2669 406 2718 marmoreo
425 2648 566 2724 surrexit
580 2653 728 2739 pondere
746 2654 859 2716 moles.

8 2769 9 2778 ’
85 2759 237 2822 Pulveris
247 2757 357 2846 exigui
368 2769 499 2846 sparget
516 2776 582 2823 non
594 2763 694 2846 longa
712 2765 854 2822 vetustas

50 2925 55 2930 ,
86 2854 300 2949 Congeriem‚
315 2865 512 2945 bustumque
522 2861 629 2948 cadet,
642 2865 822 2945 mortisque
835 2853 992 2948 peribunt

85 2969 291 3054 Argumenta
304 2977 388 3029 tuae.
403 2962 520 3032 Veniet
532 2960 662 3032 felicior
672 2979 776 3050 aetas,
877 2965 878 2970 ’

86 3073 164 3156 Qua
176 3068 218 3132 sit
228 3063 320 3132 nulla
330 3061 410 3134 fides
420 3084 535 3134 saxum
551 3063 809 3136 monstrantibus
824 3063 925 3134 illudt

38 3239 51 3258 ,Ἰ
86 3179 197 3253 Atque
207 3173 268 3235 erit
277 3169 446 3259 Aegyptus
456 3177 588 3260 populis
601 3173 735 3242 fortasse
749 3181 908 3259 nepotum

86 3283 173 3344 Tam
183 3282 326 3346 mendax
334 3284 451 3369 Magni
463 3287 604 3369 tumulo,
617 3307 718 3367 quam
729 3287 826 3350 Creta
835 3276 1004 3350 Tonantis.

445 3609 684 3636 W
