<?xml version="1.0" encoding="UTF-8"?>
<!DOCTYPE html PUBLIC "-//W3C//DTD XHTML 1.0 Transitional//EN"
    "http://www.w3.org/TR/xhtml1/DTD/xhtml1-transitional.dtd">
<html xmlns="http://www.w3.org/1999/xhtml" xml:lang="en" lang="en">
 <head>
  <title>
</title>
<meta http-equiv="Content-Type" content="text/html;charset=utf-8" />
  <meta name='ocr-system' content='tesseract 3.04.00' />
  <meta name='ocr-capabilities' content='ocr_page ocr_carea ocr_par ocr_line ocrx_word'/>
</head>
<body>
  <div class='ocr_page' id='page_1' title='image "./marciannaeiluca00bipogoog_0302.png"; bbox 0 0 2824 4880; ppageno 0'>
   <div class='ocr_carea' id='block_1_1' title="bbox 341 383 1035 452">
    <p class='ocr_par' dir='ltr' id='par_1_1' title="bbox 341 383 1035 452">
     <span class='ocr_line' id='line_1_1' title="bbox 341 383 1035 452; baseline 0.004 -6"><span class='ocrx_word' id='word_1_1' title='bbox 341 383 770 452; x_wconf 59' lang='lat' dir='ltr'><strong>LIBERKer.</strong></span> <span class='ocrx_word' id='word_1_2' title='bbox 980 390 1035 452; x_wconf 76' lang='lat'><strong>2⁵1</strong></span> 
     </span>
    </p>
   </div>
   <div class='ocr_carea' id='block_1_2' title="bbox 18 530 1066 2502">
    <p class='ocr_par' dir='ltr' id='par_1_2' title="bbox 74 530 1010 940">
     <span class='ocr_line' id='line_1_2' title="bbox 74 530 1010 614; baseline -0.003 -18"><span class='ocrx_word' id='word_1_3' title='bbox 74 534 163 596; x_wconf 86' lang='lat' dir='ltr'><strong>Dum</strong></span> <span class='ocrx_word' id='word_1_4' title='bbox 174 533 300 596; x_wconf 80' lang='lat' dir='ltr'><strong>donare</strong></span> <span class='ocrx_word' id='word_1_5' title='bbox 313 533 460 614; x_wconf 82' lang='lat' dir='ltr'><strong>Pharon,</strong></span> <span class='ocrx_word' id='word_1_6' title='bbox 477 534 558 595; x_wconf 86' lang='lat' dir='ltr'><strong>dum</strong></span> <span class='ocrx_word' id='word_1_7' title='bbox 569 531 710 596; x_wconf 89' lang='lat' dir='ltr'><strong>nonsibi</strong></span> <span class='ocrx_word' id='word_1_8' title='bbox 724 530 857 594; x_wconf 86' lang='lat' dir='ltr'><strong>vincere</strong></span> <span class='ocrx_word' id='word_1_9' title='bbox 871 531 1010 594; x_wconf 86' lang='lat' dir='ltr'><strong>mavult.</strong></span> 
     </span>
     <span class='ocr_line' id='line_1_3' title="bbox 74 636 927 724; baseline -0.002 -22"><span class='ocrx_word' id='word_1_10' title='bbox 74 643 183 724; x_wconf 76' lang='lat' dir='ltr'><strong>Quem</strong></span> <span class='ocrx_word' id='word_1_11' title='bbox 197 640 327 704; x_wconf 88' lang='lat' dir='ltr'><strong>formae</strong></span> <span class='ocrx_word' id='word_1_12' title='bbox 338 638 463 702; x_wconf 86' lang='lat' dir='ltr'><strong>confisa</strong></span> <span class='ocrx_word' id='word_1_13' title='bbox 475 660 554 707; x_wconf 85' lang='lat' dir='ltr'><strong>suae</strong></span> <span class='ocrx_word' id='word_1_14' title='bbox 571 639 747 721; x_wconf 79' lang='lat' dir='ltr'>Cleopatra</span> <span class='ocrx_word' id='word_1_15' title='bbox 761 636 832 700; x_wconf 89' lang='lat' dir='ltr'><strong>sine</strong></span> <span class='ocrx_word' id='word_1_16' title='bbox 847 638 927 700; x_wconf 92' lang='lat' dir='ltr'><strong>ullis</strong></span> 
     </span>
     <span class='ocr_line' id='line_1_4' title="bbox 75 723 965 828; baseline -0.004 -18"><span class='ocrx_word' id='word_1_17' title='bbox 75 746 190 810; x_wconf 88' lang='lat' dir='ltr'><strong>Tristis</strong></span> <span class='ocrx_word' id='word_1_18' title='bbox 206 745 276 810; x_wconf 87' lang='lat' dir='ltr'><strong>adit</strong></span> <span class='ocrx_word' id='word_1_19' title='bbox 292 723 453 828; x_wconf 67' lang='lat' dir='ltr'><strong>lacrimis,</strong></span> <span class='ocrx_word' id='word_1_20' title='bbox 472 744 665 810; x_wconf 88' lang='lat' dir='ltr'><strong>simulatum</strong></span> <span class='ocrx_word' id='word_1_21' title='bbox 677 755 785 810; x_wconf 88' lang='lat' dir='ltr'><strong>comta</strong></span> <span class='ocrx_word' id='word_1_22' title='bbox 799 745 965 825; x_wconf 88' lang='lat' dir='ltr'><strong>dolorem,</strong></span> 
     </span>
     <span class='ocr_line' id='line_1_5' title="bbox 75 851 879 940; baseline -0.002 -24"><span class='ocrx_word' id='word_1_23' title='bbox 75 857 149 940; x_wconf 79' lang='lat' dir='ltr'><strong>Qua</strong></span> <span class='ocrx_word' id='word_1_24' title='bbox 163 853 290 936; x_wconf 83' lang='lat' dir='ltr'>decuit,</span> <span class='ocrx_word' id='word_1_25' title='bbox 302 853 404 916; x_wconf 86' lang='lat' dir='ltr'><strong>veluti</strong></span> <span class='ocrx_word' id='word_1_26' title='bbox 416 855 542 917; x_wconf 87' lang='lat' dir='ltr'><strong>laceros</strong></span> <span class='ocrx_word' id='word_1_27' title='bbox 561 852 709 935; x_wconf 86' lang='lat' dir='ltr'><strong>dispersa</strong></span> <span class='ocrx_word' id='word_1_28' title='bbox 723 851 879 934; x_wconf 82' lang='lat' dir='ltr'><strong>capillos,</strong></span> 
     </span>
    </p>

    <p class='ocr_par' dir='ltr' id='par_1_3' title="bbox 74 953 936 1141">
     <span class='ocr_line' id='line_1_6' title="bbox 74 953 936 1037; baseline 0 -21"><span class='ocrx_word' id='word_1_29' title='bbox 74 957 114 1016; x_wconf 89' lang='lat' dir='ltr'><strong>Et</strong></span> <span class='ocrx_word' id='word_1_30' title='bbox 124 955 172 1017; x_wconf 93' lang='lat' dir='ltr'><strong>sic</strong></span> <span class='ocrx_word' id='word_1_31' title='bbox 187 975 260 1020; x_wconf 91' lang='lat' dir='ltr'><strong>orsa</strong></span> <span class='ocrx_word' id='word_1_32' title='bbox 273 955 369 1036; x_wconf 92' lang='lat' dir='ltr'><strong>loqui</strong></span> <span class='ocrx_word' id='word_1_33' title='bbox 382 977 390 1017; x_wconf 76' lang='grc' dir='ltr'><strong><em>ε</em></strong></span> <span class='ocrx_word' id='word_1_34' title='bbox 403 956 437 1018; x_wconf 86' lang='lat' dir='ltr'><strong>Si</strong></span> <span class='ocrx_word' id='word_1_35' title='bbox 455 965 595 1037; x_wconf 86' lang='lat' dir='ltr'><strong>quaest,</strong></span> <span class='ocrx_word' id='word_1_36' title='bbox 610 975 631 1016; x_wconf 92' lang='lat' dir='ltr'><strong>o</strong></span> <span class='ocrx_word' id='word_1_37' title='bbox 645 953 789 1016; x_wconf 83' lang='lat' dir='ltr'><strong>maxime</strong></span> <span class='ocrx_word' id='word_1_38' title='bbox 804 955 936 1033; x_wconf 84' lang='lat' dir='ltr'><strong>Caesar,</strong></span> 
     </span>
     <span class='ocr_line' id='line_1_7' title="bbox 76 1056 818 1141; baseline -0.001 -23"><span class='ocrx_word' id='word_1_39' title='bbox 76 1057 255 1140; x_wconf 73' lang='lat' dir='ltr'><strong>Nobilitas,</strong></span> <span class='ocrx_word' id='word_1_40' title='bbox 276 1057 387 1120; x_wconf 84' lang='lat' dir='ltr'><strong>Pharii</strong></span> <span class='ocrx_word' id='word_1_41' title='bbox 398 1061 508 1141; x_wconf 89' lang='lat' dir='ltr'><strong>proles</strong></span> <span class='ocrx_word' id='word_1_42' title='bbox 523 1057 701 1121; x_wconf 87' lang='lat' dir='ltr'><strong>clarissima</strong></span> <span class='ocrx_word' id='word_1_43' title='bbox 716 1056 818 1141; x_wconf 82' lang='lat' dir='ltr'>Lagi,</span> 
     </span>
    </p>

    <p class='ocr_par' dir='ltr' id='par_1_4' title="bbox 74 1160 923 1249">
     <span class='ocr_line' id='line_1_8' title="bbox 74 1160 923 1249; baseline 0 -23"><span class='ocrx_word' id='word_1_44' title='bbox 74 1163 192 1243; x_wconf 81' lang='lat' dir='ltr'><strong>Exsul,</strong></span> <span class='ocrx_word' id='word_1_45' title='bbox 212 1160 249 1224; x_wconf 89' lang='lat' dir='ltr'><strong>in</strong></span> <span class='ocrx_word' id='word_1_46' title='bbox 264 1171 436 1226; x_wconf 86' lang='lat' dir='ltr'><strong>aeternum</strong></span> <span class='ocrx_word' id='word_1_47' title='bbox 454 1164 590 1248; x_wconf 80' lang='lat' dir='ltr'><strong>sceptris</strong></span> <span class='ocrx_word' id='word_1_48' title='bbox 604 1165 742 1248; x_wconf 86' lang='lat' dir='ltr'><strong>depulsa</strong></span> <span class='ocrx_word' id='word_1_49' title='bbox 758 1162 923 1249; x_wconf 78' lang='lat' dir='ltr'><strong>paternis,</strong></span> 
     </span>
    </p>

    <p class='ocr_par' dir='ltr' id='par_1_5' title="bbox 75 1255 781 1351">
     <span class='ocr_line' id='line_1_9' title="bbox 75 1255 781 1351; baseline 0.01 -23"><span class='ocrx_word' id='word_1_50' title='bbox 75 1267 108 1328; x_wconf 90' lang='lat' dir='ltr'><strong>si</strong></span> <span class='ocrx_word' id='word_1_51' title='bbox 127 1277 184 1329; x_wconf 90' lang='lat' dir='ltr'><strong>tua</strong></span> <span class='ocrx_word' id='word_1_52' title='bbox 197 1265 347 1332; x_wconf 87' lang='lat' dir='ltr'><strong>restituat</strong></span> <span class='ocrx_word' id='word_1_53' title='bbox 360 1255 462 1334; x_wconf 58' lang='lat' dir='ltr'><strong>reteri</strong></span> <span class='ocrx_word' id='word_1_54' title='bbox 476 1291 530 1334; x_wconf 86' lang='lat' dir='ltr'><strong>me</strong></span> <span class='ocrx_word' id='word_1_55' title='bbox 547 1271 680 1334; x_wconf 83' lang='lat' dir='ltr'><strong>dextera</strong></span> <span class='ocrx_word' id='word_1_56' title='bbox 694 1269 781 1351; x_wconf 87' lang='lat' dir='ltr'><strong>fato,</strong></span> 
     </span>
    </p>

    <p class='ocr_par' dir='ltr' id='par_1_6' title="bbox 18 1370 946 1642">
     <span class='ocr_line' id='line_1_10' title="bbox 18 1370 946 1460; baseline 0.002 -31"><span class='ocrx_word' id='word_1_57' title='bbox 18 1394 21 1407; x_wconf 43' lang='lat' dir='ltr'><strong>c</strong></span> <span class='ocrx_word' id='word_1_58' title='bbox 75 1371 287 1451; x_wconf 79' lang='lat' dir='ltr'><strong>Complector</strong></span> <span class='ocrx_word' id='word_1_59' title='bbox 303 1370 418 1457; x_wconf 85' lang='lat' dir='ltr'><strong>regina</strong></span> <span class='ocrx_word' id='word_1_60' title='bbox 433 1374 543 1454; x_wconf 88' lang='lat' dir='ltr'><strong>pedes.</strong></span> <span class='ocrx_word' id='word_1_61' title='bbox 564 1376 615 1436; x_wconf 90' lang='lat' dir='ltr'><strong>Tu</strong></span> <span class='ocrx_word' id='word_1_62' title='bbox 630 1373 783 1460; x_wconf 85' lang='lat' dir='ltr'><strong>gentibus</strong></span> <span class='ocrx_word' id='word_1_63' title='bbox 800 1391 946 1450; x_wconf 88' lang='lat' dir='ltr'><strong>aequum</strong></span> 
     </span>
     <span class='ocr_line' id='line_1_11' title="bbox 74 1473 868 1558; baseline -0.003 -21"><span class='ocrx_word' id='word_1_64' title='bbox 74 1473 173 1537; x_wconf 87' lang='lat' dir='ltr'>Sidus</span> <span class='ocrx_word' id='word_1_65' title='bbox 184 1475 261 1537; x_wconf 86' lang='lat' dir='ltr'><strong>ades</strong></span> <span class='ocrx_word' id='word_1_66' title='bbox 276 1476 405 1540; x_wconf 86' lang='lat' dir='ltr'><strong>nostris.</strong></span> <span class='ocrx_word' id='word_1_67' title='bbox 426 1479 500 1539; x_wconf 89' lang='lat' dir='ltr'><strong>Nou</strong></span> <span class='ocrx_word' id='word_1_68' title='bbox 509 1479 609 1539; x_wconf 89' lang='lat' dir='ltr'><strong>urbes</strong></span> <span class='ocrx_word' id='word_1_69' title='bbox 622 1477 731 1558; x_wconf 84' lang='lat' dir='ltr'><strong>prima</strong></span> <span class='ocrx_word' id='word_1_70' title='bbox 749 1477 868 1536; x_wconf 86' lang='lat' dir='ltr'><strong>tenebo</strong></span> 
     </span>
     <span class='ocr_line' id='line_1_12' title="bbox 74 1574 813 1642; baseline 0.004 -6"><span class='ocrx_word' id='word_1_71' title='bbox 74 1574 212 1641; x_wconf 87' lang='lat' dir='ltr'>Femina</span> <span class='ocrx_word' id='word_1_72' title='bbox 222 1577 381 1640; x_wconf 86' lang='lat' dir='ltr'><strong>Niliacas:</strong></span> <span class='ocrx_word' id='word_1_73' title='bbox 400 1580 496 1641; x_wconf 91' lang='lat' dir='ltr'><strong>nullo</strong></span> <span class='ocrx_word' id='word_1_74' title='bbox 512 1578 703 1642; x_wconf 82' lang='lat' dir='ltr'><strong>discrimine</strong></span> <span class='ocrx_word' id='word_1_75' title='bbox 717 1598 813 1641; x_wconf 85' lang='lat' dir='ltr'><strong>sexus</strong></span> 
     </span>
    </p>

    <p class='ocr_par' dir='ltr' id='par_1_7' title="bbox 74 1677 963 1872">
     <span class='ocr_line' id='line_1_13' title="bbox 74 1677 963 1768; baseline 0.002 -28"><span class='ocrx_word' id='word_1_76' title='bbox 74 1679 241 1764; x_wconf 81' lang='lat' dir='ltr'><strong>Reginam</strong></span> <span class='ocrx_word' id='word_1_77' title='bbox 255 1679 316 1742; x_wconf 91' lang='lat' dir='ltr'><strong>scit</strong></span> <span class='ocrx_word' id='word_1_78' title='bbox 329 1681 416 1744; x_wconf 84' lang='lat' dir='ltr'><strong>ferre</strong></span> <span class='ocrx_word' id='word_1_79' title='bbox 430 1683 563 1744; x_wconf 92' lang='lat' dir='ltr'><strong>Pharos.</strong></span> <span class='ocrx_word' id='word_1_80' title='bbox 581 1683 669 1768; x_wconf 85' lang='lat' dir='ltr'>Lege</span> <span class='ocrx_word' id='word_1_81' title='bbox 681 1701 811 1744; x_wconf 86' lang='lat' dir='ltr'><strong>summa</strong></span> <span class='ocrx_word' id='word_1_82' title='bbox 821 1677 963 1764; x_wconf 85' lang='lat' dir='ltr'>peremti</span> 
     </span>
     <span class='ocr_line' id='line_1_14' title="bbox 75 1785 910 1872; baseline -0.002 -22"><span class='ocrx_word' id='word_1_83' title='bbox 75 1787 190 1868; x_wconf 86' lang='lat' dir='ltr'><strong>Verba</strong></span> <span class='ocrx_word' id='word_1_84' title='bbox 203 1786 321 1868; x_wconf 89' lang='lat' dir='ltr'><strong>patris,</strong></span> <span class='ocrx_word' id='word_1_85' title='bbox 343 1788 402 1868; x_wconf 92' lang='lat' dir='ltr'><strong>qui</strong></span> <span class='ocrx_word' id='word_1_86' title='bbox 418 1788 491 1852; x_wconf 87' lang='lat' dir='ltr'><strong>iura</strong></span> <span class='ocrx_word' id='word_1_87' title='bbox 508 1786 592 1848; x_wconf 90' lang='lat' dir='ltr'><strong>mihi</strong></span> <span class='ocrx_word' id='word_1_88' title='bbox 607 1786 798 1849; x_wconf 89' lang='lat' dir='ltr'><strong>communia</strong></span> <span class='ocrx_word' id='word_1_89' title='bbox 812 1785 910 1872; x_wconf 87' lang='lat' dir='ltr'><strong>regni</strong></span> 
     </span>
    </p>

    <p class='ocr_par' dir='ltr' id='par_1_8' title="bbox 75 1893 946 1977">
     <span class='ocr_line' id='line_1_15' title="bbox 75 1893 946 1977; baseline 0.003 -24"><span class='ocrx_word' id='word_1_90' title='bbox 75 1893 115 1956; x_wconf 92' lang='lat' dir='ltr'><strong>Et</strong></span> <span class='ocrx_word' id='word_1_91' title='bbox 134 1893 273 1958; x_wconf 86' lang='lat' dir='ltr'><strong>thalami</strong></span> <span class='ocrx_word' id='word_1_92' title='bbox 283 1916 360 1958; x_wconf 90' lang='lat' dir='ltr'><strong>cum</strong></span> <span class='ocrx_word' id='word_1_93' title='bbox 374 1896 475 1960; x_wconf 76' lang='lat' dir='ltr'><strong>fratre</strong></span> <span class='ocrx_word' id='word_1_94' title='bbox 488 1895 590 1964; x_wconf 71' lang='lat' dir='ltr'><strong>dedit,</strong></span> <span class='ocrx_word' id='word_1_95' title='bbox 603 1897 689 1958; x_wconf 88' lang='lat' dir='ltr'><strong>Puer</strong></span> <span class='ocrx_word' id='word_1_96' title='bbox 701 1894 771 1977; x_wconf 91' lang='lat' dir='ltr'><strong>ipse</strong></span> <span class='ocrx_word' id='word_1_97' title='bbox 784 1912 946 1972; x_wconf 89' lang='lat' dir='ltr'><strong>sororem,</strong></span> 
     </span>
    </p>

    <p class='ocr_par' dir='ltr' id='par_1_9' title="bbox 75 1996 1066 2502">
     <span class='ocr_line' id='line_1_16' title="bbox 75 1996 968 2080; baseline 0 -18"><span class='ocrx_word' id='word_1_98' title='bbox 75 1997 123 2062; x_wconf 87' lang='lat' dir='ltr'><strong>Sit</strong></span> <span class='ocrx_word' id='word_1_99' title='bbox 138 2001 242 2062; x_wconf 89' lang='lat' dir='ltr'><strong>modo</strong></span> <span class='ocrx_word' id='word_1_100' title='bbox 259 1997 359 2080; x_wconf 89' lang='lat' dir='ltr'><strong>liber,</strong></span> <span class='ocrx_word' id='word_1_101' title='bbox 378 2010 481 2063; x_wconf 87' lang='lat' dir='ltr'><strong>amat:</strong></span> <span class='ocrx_word' id='word_1_102' title='bbox 500 2003 669 2063; x_wconf 83' lang='lat' dir='ltr'><strong>sedhabet</strong></span> <span class='ocrx_word' id='word_1_103' title='bbox 678 2001 741 2062; x_wconf 89' lang='lat' dir='ltr'><strong>sub</strong></span> <span class='ocrx_word' id='word_1_104' title='bbox 751 1999 825 2060; x_wconf 88' lang='lat' dir='ltr'><strong>iure</strong></span> <span class='ocrx_word' id='word_1_105' title='bbox 835 1996 968 2062; x_wconf 85' lang='lat' dir='ltr'><strong>Pothini</strong></span> 
     </span>
     <span class='ocr_line' id='line_1_17' title="bbox 75 2101 1066 2186; baseline -0.009 -18"><span class='ocrx_word' id='word_1_106' title='bbox 75 2104 249 2185; x_wconf 77' lang='lat' dir='ltr'><strong>Adfectus,</strong></span> <span class='ocrx_word' id='word_1_107' title='bbox 266 2125 425 2185; x_wconf 85' lang='lat' dir='ltr'><strong>ensesque</strong></span> <span class='ocrx_word' id='word_1_108' title='bbox 441 2123 528 2167; x_wconf 89' lang='lat' dir='ltr'><strong>suos.</strong></span> <span class='ocrx_word' id='word_1_109' title='bbox 546 2103 600 2165; x_wconf 90' lang='lat' dir='ltr'><strong>Nil</strong></span> <span class='ocrx_word' id='word_1_110' title='bbox 614 2104 685 2186; x_wconf 87' lang='lat' dir='ltr'><strong>ipsa</strong></span> <span class='ocrx_word' id='word_1_111' title='bbox 702 2101 832 2185; x_wconf 87' lang='lat' dir='ltr'><strong>paterni</strong></span> <span class='ocrx_word' id='word_1_112' title='bbox 1002 2101 1041 2182; x_wconf 87' lang='lat'><strong>96</strong></span> <span class='ocrx_word' id='word_1_113' title='bbox 1062 2135 1066 2146; x_wconf 56' lang='lat'><em>2</em></span> 
     </span>
     <span class='ocr_line' id='line_1_18' title="bbox 76 2207 844 2290; baseline -0.004 -19"><span class='ocrx_word' id='word_1_114' title='bbox 76 2207 164 2271; x_wconf 89' lang='lat' dir='ltr'><strong>Iuris</strong></span> <span class='ocrx_word' id='word_1_115' title='bbox 177 2209 300 2270; x_wconf 88' lang='lat' dir='ltr'><strong>hahere</strong></span> <span class='ocrx_word' id='word_1_116' title='bbox 314 2219 405 2290; x_wconf 90' lang='lat' dir='ltr'><strong>peto:</strong></span> <span class='ocrx_word' id='word_1_117' title='bbox 425 2210 523 2290; x_wconf 90' lang='lat' dir='ltr'><strong>culpa</strong></span> <span class='ocrx_word' id='word_1_118' title='bbox 540 2218 697 2287; x_wconf 90' lang='lat' dir='ltr'><strong>tantoque</strong></span> <span class='ocrx_word' id='word_1_119' title='bbox 715 2209 844 2289; x_wconf 86' lang='lat' dir='ltr'><strong>pudore</strong></span> 
     </span>
     <span class='ocr_line' id='line_1_19' title="bbox 76 2309 917 2396; baseline -0.006 -21"><span class='ocrx_word' id='word_1_120' title='bbox 76 2314 176 2376; x_wconf 82' lang='lat' dir='ltr'><strong>Solve</strong></span> <span class='ocrx_word' id='word_1_121' title='bbox 193 2315 345 2375; x_wconf 87' lang='lat' dir='ltr'><strong>domum:</strong></span> <span class='ocrx_word' id='word_1_122' title='bbox 361 2332 495 2396; x_wconf 83' lang='lat' dir='ltr'><strong>remove</strong></span> <span class='ocrx_word' id='word_1_123' title='bbox 505 2312 633 2376; x_wconf 88' lang='lat' dir='ltr'><strong>funesta</strong></span> <span class='ocrx_word' id='word_1_124' title='bbox 643 2309 791 2374; x_wconf 79' lang='lat' dir='ltr'><strong>satellitis</strong></span> <span class='ocrx_word' id='word_1_125' title='bbox 807 2329 917 2392; x_wconf 87' lang='lat' dir='ltr'><strong>arma,</strong></span> 
     </span>
     <span class='ocr_line' id='line_1_20' title="bbox 77 2417 873 2502; baseline 0 -24"><span class='ocrx_word' id='word_1_126' title='bbox 77 2417 116 2478; x_wconf 90' lang='lat' dir='ltr'><strong>Et</strong></span> <span class='ocrx_word' id='word_1_127' title='bbox 129 2437 242 2501; x_wconf 83' lang='lat' dir='ltr'><strong>regem</strong></span> <span class='ocrx_word' id='word_1_128' title='bbox 258 2437 397 2502; x_wconf 86' lang='lat' dir='ltr'><strong>regnare</strong></span> <span class='ocrx_word' id='word_1_129' title='bbox 408 2417 497 2481; x_wconf 89' lang='lat' dir='ltr'><strong>iube.</strong></span> <span class='ocrx_word' id='word_1_130' title='bbox 516 2419 710 2502; x_wconf 80' lang='lat' dir='ltr'><strong>Quantosne</strong></span> <span class='ocrx_word' id='word_1_131' title='bbox 727 2427 873 2479; x_wconf 89' lang='lat' dir='ltr'><strong>tumores</strong></span> 
     </span>
    </p>
   </div>
   <div class='ocr_carea' id='block_1_3' title="bbox 77 2523 1001 2708">
    <p class='ocr_par' dir='ltr' id='par_1_10' title="bbox 77 2523 1001 2708">
     <span class='ocr_line' id='line_1_21' title="bbox 77 2523 912 2608; baseline -0.004 -22"><span class='ocrx_word' id='word_1_132' title='bbox 77 2525 191 2596; x_wconf 76' lang='lat' dir='ltr'><strong>Mente</strong></span> <span class='ocrx_word' id='word_1_133' title='bbox 207 2523 294 2608; x_wconf 87' lang='lat' dir='ltr'><strong>gerit</strong></span> <span class='ocrx_word' id='word_1_134' title='bbox 308 2524 469 2604; x_wconf 85' lang='lat' dir='ltr'><strong>famulus,</strong></span> <span class='ocrx_word' id='word_1_135' title='bbox 484 2523 599 2608; x_wconf 84' lang='lat' dir='ltr'><strong>Magni</strong></span> <span class='ocrx_word' id='word_1_136' title='bbox 618 2523 745 2586; x_wconf 84' lang='lat' dir='ltr'><strong>cervice</strong></span> <span class='ocrx_word' id='word_1_137' title='bbox 762 2524 912 2584; x_wconf 76' lang='lat' dir='ltr'><strong>revulsa!</strong></span> 
     </span>
     <span class='ocr_line' id='line_1_22' title="bbox 77 2621 1001 2708; baseline -0.004 -18"><span class='ocrx_word' id='word_1_138' title='bbox 77 2625 151 2690; x_wconf 87' lang='lat' dir='ltr'><strong>Iam</strong></span> <span class='ocrx_word' id='word_1_139' title='bbox 166 2624 227 2690; x_wconf 88' lang='lat' dir='ltr'><strong>tibi</strong></span> <span class='ocrx_word' id='word_1_140' title='bbox 243 2624 323 2708; x_wconf 89' lang='lat' dir='ltr'><strong>(sed</strong></span> <span class='ocrx_word' id='word_1_141' title='bbox 340 2626 457 2708; x_wconf 87' lang='lat' dir='ltr'><strong>procul</strong></span> <span class='ocrx_word' id='word_1_142' title='bbox 474 2626 538 2688; x_wconf 89' lang='lat' dir='ltr'><strong>hoc</strong></span> <span class='ocrx_word' id='word_1_143' title='bbox 554 2633 705 2687; x_wconf 84' lang='lat' dir='ltr'><strong>avertant</strong></span> <span class='ocrx_word' id='word_1_144' title='bbox 720 2623 803 2686; x_wconf 87' lang='lat' dir='ltr'><strong>fatal</strong></span> <span class='ocrx_word' id='word_1_145' title='bbox 815 2626 830 2706; x_wconf 84' lang='lat'><em>)</em></span> <span class='ocrx_word' id='word_1_146' title='bbox 844 2621 1001 2686; x_wconf 82' lang='lat' dir='ltr'><strong>minatur.</strong></span> 
     </span>
    </p>
   </div>
   <div class='ocr_carea' id='block_1_4' title="bbox 38 2728 985 3873">
    <p class='ocr_par' dir='ltr' id='par_1_11' title="bbox 78 2728 946 2817">
     <span class='ocr_line' id='line_1_23' title="bbox 78 2728 946 2817; baseline -0.002 -23"><span class='ocrx_word' id='word_1_147' title='bbox 78 2733 136 2794; x_wconf 76' lang='lat' dir='ltr'><strong>Sat</strong></span> <span class='ocrx_word' id='word_1_148' title='bbox 149 2731 213 2795; x_wconf 84' lang='lat' dir='ltr'><strong>fuit</strong></span> <span class='ocrx_word' id='word_1_149' title='bbox 225 2731 420 2817; x_wconf 86' lang='lat' dir='ltr'><strong>indignum,</strong></span> <span class='ocrx_word' id='word_1_150' title='bbox 438 2734 572 2812; x_wconf 88' lang='lat' dir='ltr'><strong>Caesar,</strong></span> <span class='ocrx_word' id='word_1_151' title='bbox 591 2732 785 2811; x_wconf 90' lang='lat' dir='ltr'><strong>mundoque</strong></span> <span class='ocrx_word' id='word_1_152' title='bbox 803 2728 946 2812; x_wconf 87' lang='lat' dir='ltr'><strong>tibique,</strong></span> 
     </span>
    </p>

    <p class='ocr_par' dir='ltr' id='par_1_12' title="bbox 77 2819 929 3027">
     <span class='ocr_line' id='line_1_24' title="bbox 77 2819 929 2920; baseline 0 -20"><span class='ocrx_word' id='word_1_153' title='bbox 77 2837 278 2920; x_wconf 88' lang='lat' dir='ltr'><strong>Pompeium</strong></span> <span class='ocrx_word' id='word_1_154' title='bbox 298 2838 426 2902; x_wconf 88' lang='lat' dir='ltr'><strong>facinus</strong></span> <span class='ocrx_word' id='word_1_155' title='bbox 439 2825 661 2917; x_wconf 87' lang='lat' dir='ltr'><strong>meritumque</strong></span> <span class='ocrx_word' id='word_1_156' title='bbox 674 2835 772 2900; x_wconf 80' lang='lat' dir='ltr'><strong>fuisse</strong></span> <span class='ocrx_word' id='word_1_157' title='bbox 781 2819 929 2900; x_wconf 80' lang='lat' dir='ltr'><strong>Pothini.</strong></span> 
     </span>
     <span class='ocr_line' id='line_1_25' title="bbox 120 2944 925 3027; baseline -0.001 -20"><span class='ocrx_word' id='word_1_158' title='bbox 120 2946 356 3027; x_wconf 80' lang='lat' dir='ltr'><strong>Nequidquam</strong></span> <span class='ocrx_word' id='word_1_159' title='bbox 369 2949 469 3010; x_wconf 91' lang='lat' dir='ltr'><strong>duras</strong></span> <span class='ocrx_word' id='word_1_160' title='bbox 484 2957 636 3008; x_wconf 86' lang='lat' dir='ltr'><strong>tentasset</strong></span> <span class='ocrx_word' id='word_1_161' title='bbox 651 2944 796 3008; x_wconf 86' lang='lat' dir='ltr'><strong>Caesaris</strong></span> <span class='ocrx_word' id='word_1_162' title='bbox 811 2964 925 3008; x_wconf 83' lang='lat' dir='ltr'><strong>aures:</strong></span> 
     </span>
    </p>

    <p class='ocr_par' dir='ltr' id='par_1_13' title="bbox 69 3049 963 3134">
     <span class='ocr_line' id='line_1_26' title="bbox 69 3049 963 3134; baseline -0.007 -18"><span class='ocrx_word' id='word_1_163' title='bbox 69 3050 202 3116; x_wconf 80' lang='lat' dir='ltr'><strong>&#39;Vultus</strong></span> <span class='ocrx_word' id='word_1_164' title='bbox 215 3053 306 3116; x_wconf 85' lang='lat' dir='ltr'><strong>adest</strong></span> <span class='ocrx_word' id='word_1_165' title='bbox 314 3051 483 3134; x_wconf 88' lang='lat' dir='ltr'><strong>precibus,</strong></span> <span class='ocrx_word' id='word_1_166' title='bbox 496 3050 661 3130; x_wconf 85' lang='lat' dir='ltr'><strong>faciesque</strong></span> <span class='ocrx_word' id='word_1_167' title='bbox 679 3049 802 3127; x_wconf 74' lang='lat' dir='ltr'><strong>incesta</strong></span> <span class='ocrx_word' id='word_1_168' title='bbox 821 3055 963 3132; x_wconf 85' lang='lat' dir='ltr'><strong>perorat.</strong></span> 
     </span>
    </p>

    <p class='ocr_par' dir='ltr' id='par_1_14' title="bbox 78 3154 872 3242">
     <span class='ocr_line' id='line_1_27' title="bbox 78 3154 872 3242; baseline -0.004 -24"><span class='ocrx_word' id='word_1_169' title='bbox 78 3155 193 3242; x_wconf 77' lang='lat' dir='ltr'><strong>Exigit</strong></span> <span class='ocrx_word' id='word_1_170' title='bbox 206 3155 396 3237; x_wconf 85' lang='lat' dir='ltr'><strong>infandam,</strong></span> <span class='ocrx_word' id='word_1_171' title='bbox 416 3166 571 3237; x_wconf 86' lang='lat' dir='ltr'><strong>corrupto</strong></span> <span class='ocrx_word' id='word_1_172' title='bbox 588 3154 715 3236; x_wconf 89' lang='lat' dir='ltr'><strong>iudice,</strong></span> <span class='ocrx_word' id='word_1_173' title='bbox 730 3163 872 3222; x_wconf 79' lang='lat' dir='ltr'><strong>noctem.</strong></span> 
     </span>
    </p>

    <p class='ocr_par' dir='ltr' id='par_1_15' title="bbox 79 3259 985 3347">
     <span class='ocr_line' id='line_1_28' title="bbox 79 3259 985 3347; baseline -0.007 -21"><span class='ocrx_word' id='word_1_174' title='bbox 79 3263 151 3326; x_wconf 81' lang='lat' dir='ltr'><strong>Pax</strong></span> <span class='ocrx_word' id='word_1_175' title='bbox 164 3259 224 3322; x_wconf 91' lang='lat' dir='ltr'><strong>ubi</strong></span> <span class='ocrx_word' id='word_1_176' title='bbox 236 3271 330 3343; x_wconf 84' lang='lat' dir='ltr'><strong>parta</strong></span> <span class='ocrx_word' id='word_1_177' title='bbox 340 3260 433 3343; x_wconf 91' lang='lat' dir='ltr'><strong>duci,</strong></span> <span class='ocrx_word' id='word_1_178' title='bbox 449 3261 609 3342; x_wconf 90' lang='lat' dir='ltr'><strong>donisque</strong></span> <span class='ocrx_word' id='word_1_179' title='bbox 623 3260 814 3347; x_wconf 84' lang='lat' dir='ltr'><strong>ingentibus</strong></span> <span class='ocrx_word' id='word_1_180' title='bbox 824 3269 911 3322; x_wconf 87' lang='lat' dir='ltr'><strong>emta</strong></span> <span class='ocrx_word' id='word_1_181' title='bbox 921 3266 985 3335; x_wconf 63' lang='lat' dir='ltr'><strong>ests</strong></span> 
     </span>
    </p>

    <p class='ocr_par' dir='ltr' id='par_1_16' title="bbox 80 3365 837 3453">
     <span class='ocr_line' id='line_1_29' title="bbox 80 3365 837 3453; baseline 0.003 -27"><span class='ocrx_word' id='word_1_182' title='bbox 80 3365 250 3446; x_wconf 83' lang='lat' dir='ltr'><strong>Excepere</strong></span> <span class='ocrx_word' id='word_1_183' title='bbox 261 3367 380 3447; x_wconf 89' lang='lat' dir='ltr'><strong>epulae</strong></span> <span class='ocrx_word' id='word_1_184' title='bbox 395 3376 561 3430; x_wconf 89' lang='lat' dir='ltr'><strong>tantarum</strong></span> <span class='ocrx_word' id='word_1_185' title='bbox 574 3367 697 3453; x_wconf 86' lang='lat' dir='ltr'><strong>gaudia</strong></span> <span class='ocrx_word' id='word_1_186' title='bbox 710 3385 837 3428; x_wconf 88' lang='lat' dir='ltr'><strong>rerum:</strong></span> 
     </span>
    </p>

    <p class='ocr_par' dir='ltr' id='par_1_17' title="bbox 80 3469 908 3646">
     <span class='ocr_line' id='line_1_30' title="bbox 80 3469 908 3557; baseline 0.001 -22"><span class='ocrx_word' id='word_1_187' title='bbox 80 3469 316 3554; x_wconf 77' lang='lat' dir='ltr'><strong>Explicuitque</strong></span> <span class='ocrx_word' id='word_1_188' title='bbox 332 3491 409 3536; x_wconf 88' lang='lat' dir='ltr'><strong>suos</strong></span> <span class='ocrx_word' id='word_1_189' title='bbox 424 3491 548 3557; x_wconf 85' lang='lat' dir='ltr'><strong>magno</strong></span> <span class='ocrx_word' id='word_1_190' title='bbox 567 3474 743 3555; x_wconf 87' lang='lat' dir='ltr'><strong>Cleopatra</strong></span> <span class='ocrx_word' id='word_1_191' title='bbox 760 3472 908 3539; x_wconf 81' lang='lat' dir='ltr'><strong>tumultu</strong></span> 
     </span>
     <span class='ocr_line' id='line_1_31' title="bbox 81 3579 885 3646; baseline 0.004 -7"><span class='ocrx_word' id='word_1_192' title='bbox 81 3579 242 3646; x_wconf 83' lang='lat' dir='ltr'><strong>Nondum</strong></span> <span class='ocrx_word' id='word_1_193' title='bbox 255 3581 427 3642; x_wconf 88' lang='lat' dir='ltr'><strong>translatos</strong></span> <span class='ocrx_word' id='word_1_194' title='bbox 439 3582 590 3642; x_wconf 85' lang='lat' dir='ltr'><strong>Romana</strong></span> <span class='ocrx_word' id='word_1_195' title='bbox 601 3579 638 3641; x_wconf 91' lang='lat' dir='ltr'><strong>in</strong></span> <span class='ocrx_word' id='word_1_196' title='bbox 645 3580 760 3644; x_wconf 86' lang='lat' dir='ltr'><strong>secula</strong></span> <span class='ocrx_word' id='word_1_197' title='bbox 777 3579 885 3642; x_wconf 83' lang='lat' dir='ltr'><strong>luxus.</strong></span> 
     </span>
    </p>

    <p class='ocr_par' dir='ltr' id='par_1_18' title="bbox 38 3668 910 3768">
     <span class='ocr_line' id='line_1_32' title="bbox 38 3668 910 3768; baseline 0.01 -24"><span class='ocrx_word' id='word_1_198' title='bbox 38 3668 45 3674; x_wconf 60' lang='grc'><strong><em>’</em></strong></span> <span class='ocrx_word' id='word_1_199' title='bbox 82 3685 160 3766; x_wconf 92' lang='lat' dir='ltr'><strong>Ipse</strong></span> <span class='ocrx_word' id='word_1_200' title='bbox 175 3685 267 3748; x_wconf 91' lang='lat' dir='ltr'><strong>locus</strong></span> <span class='ocrx_word' id='word_1_201' title='bbox 284 3684 416 3768; x_wconf 90' lang='lat' dir='ltr'><strong>templi,</strong></span> <span class='ocrx_word' id='word_1_202' title='bbox 434 3686 525 3766; x_wconf 88' lang='lat' dir='ltr'><strong>quod</strong></span> <span class='ocrx_word' id='word_1_203' title='bbox 541 3685 598 3748; x_wconf 76' lang='lat' dir='ltr'><strong>vix</strong></span> <span class='ocrx_word' id='word_1_204' title='bbox 616 3685 803 3768; x_wconf 87' lang='lat' dir='ltr'><strong>corruptior</strong></span> <span class='ocrx_word' id='word_1_205' title='bbox 820 3694 910 3752; x_wconf 84' lang='lat' dir='ltr'><strong>aetas</strong></span> 
     </span>
    </p>

    <p class='ocr_par' dir='ltr' id='par_1_19' title="bbox 83 3785 969 3873">
     <span class='ocr_line' id='line_1_33' title="bbox 83 3785 969 3873; baseline 0.014 -23"><span class='ocrx_word' id='word_1_206' title='bbox 83 3787 254 3870; x_wconf 68' lang='lat' dir='ltr'><strong>Fustruat,</strong></span> <span class='ocrx_word' id='word_1_207' title='bbox 271 3785 374 3856; x_wconf 84' lang='lat' dir='ltr'><strong>instar</strong></span> <span class='ocrx_word' id='word_1_208' title='bbox 384 3801 470 3864; x_wconf 80' lang='lat' dir='ltr'><strong>erat:</strong></span> <span class='ocrx_word' id='word_1_209' title='bbox 489 3792 708 3873; x_wconf 86' lang='lat' dir='ltr'><strong>laqueataque</strong></span> <span class='ocrx_word' id='word_1_210' title='bbox 721 3801 804 3856; x_wconf 76' lang='lat' dir='ltr'><strong>teoto</strong></span> <span class='ocrx_word' id='word_1_211' title='bbox 815 3791 969 3862; x_wconf 72' lang='lat' dir='ltr'><strong>ferebant</strong></span> 
     </span>
    </p>
   </div>
   <div class='ocr_carea' id='block_1_5' title="bbox 911 4037 918 4078">
    <p class='ocr_par' dir='ltr' id='par_1_20' title="bbox 911 4037 918 4078">
     <span class='ocr_line' id='line_1_34' title="bbox 911 4037 918 4078; baseline 0 0"><span class='ocrx_word' id='word_1_212' title='bbox 911 4037 918 4078; x_wconf 85' lang='lat' dir='ltr'><strong>l</strong></span> 
     </span>
    </p>
   </div>
   <div class='ocr_carea' id='block_1_6' title="bbox 0 0 1428 4880">
    <p class='ocr_par' dir='ltr' id='par_1_21' title="bbox 0 0 1428 4880">
     <span class='ocr_line' id='line_1_35' title="bbox 0 0 1428 4880; baseline 0 0"><span class='ocrx_word' id='word_1_213' title='bbox 0 0 1428 4880; x_wconf 95' lang='lat' dir='ltr'><strong> </strong></span> 
     </span>
    </p>
   </div>
  </div>
 </body>
</html>
