2790 4874
319 365 524 430 LIBER
564 371 634 435 VI.
674 375 797 454 e-753.
978 381 1034 443 rsa

89 502 125 562 Et
135 520 228 568 rrovavx
235 504 376 572 desuetis
395 481 574 590 subrepens
592 509 661 572 vita
680 513 851 596 medullis,
944 527 947 532 ·

86 603 233 672 Miscetur
252 611 361 673 morti.
381 613 476 676 Tune
496 613 603 678 omnis
623 619 763 701 palpitat
785 632 892 686 artus:

88 711 274 775 Tenduntur
290 715 404 776 nervi:
422 737 482 782 neo
495 741 529 782 se
543 723 659 786 tellure
673 727 814 790 cadaver
893 727 896 732 ’

88 815 240 882 Paulatim
249 839 310 901 per
318 825 468 884 membra
477 825 579 909 levat,
594 838 744 912 terraque
755 835 993 922 repulsumest,

87 919 294 1006 Erectumque
309 925 420 988 simul.
433 929 583 994 Distento
599 934 726 998 Iumina
739 940 824 1002 rictu

88 1023 261 1088 Nudantum
278 1029 432 1119 Nondum
447 1033 546 1096 iacies
559 1035 701 1100 viventis
714 1037 751 1100 in
771 1021 850 1124 illo,
919 1075 920 1080 κ

88 1123 150 1186 Iam
165 1127 425 1194 morientis-erat.
441 1136 603 1200 Remanet
620 1143 793 1223 pallorque
813 1145 983 1230 rigorquer

89 1230 123 1292 Et
132 1241 235 1316 stupet
250 1234 513 1302 illatusmnndo.
528 1243 592 1305 Sed
611 1265 782 1312 murmure
794 1251 889 1312 nullo

91 1337 149 1402 Ora
159 1339 310 1404 adstricta
323 1354 450 1408 sonant.
470 1347 543 1410 Vox
556 1347 623 1429 illi,
636 1349 818 1436 linguaque
836 1363 963 1416 tantum

89 1440 285 1524 Responsura
296 1445 403 1511 datur.
425 1447 505 1530 Dio,
518 1449 628 1530 inquit
642 1455 811 1539 Thessala,
834 1477 987 1544 magna,

90 1545 176 1628 Quod
185 1546 303 1631 iubeo,
317 1553 469 1614 mercede
484 1551 584 1616 mihis
602 1578 680 1622 nam
694 1579 773 1624 vera
789 1565 939 1628 locutum

89 1647 262 1725 Immunem
282 1664 349 1716 toto
365 1655 482 1721 mundi
500 1661 738 1740 praestabimus
754 1682 837 1726 aevo

88 1753 207 1818 Artibus
217 1758 427 1822 Haemoniis:
446 1759 506 1822 tali
517 1772 572 1826 tua
586 1767 736 1826 membra
747 1767 912 1850 sepulcro,

89 1857 212 1932 Talibus,
225 1882 377 1946 exuram,
391 1865 505 1952 Stygio
523 1887 600 1930 oum
616 1869 776 1952 carmine,
790 1871 900 1954 silvis,

88 1961 125 2022 Ut
137 1967 241 2030 nullos
258 1973 387 2032 cantata
399 1973 514 2056 Magos
530 1973 685 2036 exaudiat
700 1980 829 2040 umbra.

88 2067 126 2132 tit
138 2072 216 2136 tanti
228 2054 344 2146 vixisse
358 2076 495 2140 iterum:
507 2099 569 2141 nco
587 2081 704 2162 verba,
721 2101 782 2142 nec
795 2085 918 2148 herbae
934 2165 935 2168 Ἴ
972 2085 1030 2164 768

87 2178 250 2244 Audebunt
260 2185 544 2271 longaesomnum
562 2184 624 2248 tibi
640 2192 796 2270 rumpere
812 2171 950 2274 Lethes,

86 2287 169 2349 Ame
180 2301 287 2352 morte
297 2293 383 2355 data.
398 2293 572 2383 Tripodas,
591 2304 747 2376 vatesque
760 2297 910 2359 Deorum

86 2390 151 2454 Sors
162 2394 299 2460 obscura
316 2400 419 2466 decet.
435 2401 550 2464 Certus
565 2399 724 2484 discedat,
741 2404 784 2464 ab
803 2403 929 2466 umbris
992 2401 1017 2428 ”·

86 2499 228 2582 Quisquis
241 2523 321 2568 vera
335 2505 431 2588 petit,
447 2507 614 2589 duraeque
629 2511 764 2572 oracula
780 2509 901 2580 Mortis=

84 2605 177 2670 Fortis
187 2610 265 2671 adit.
281 2612 327 2686 Ne
340 2628 455 2693 parce,
466 2631 594 2694 precor.
615 2614 666 2674 Da
682 2613 819 2674 nomina
835 2614 948 2695 rebus,

84 2713 127 2775 Da
138 2715 224 2798 loca,
236 2719 279 2778 da
291 2735 425 2799 vocem,
443 2737 647 2798 quamecum
665 2717 733 2780 sata
744 2720 932 2798 loquantur.

82 2818 207 2884 Addidit
216 2834 248 2886 et
259 2844 406 2906 carmen,
422 2845 504 2905 quo,
519 2823 682 2904 quidquid
693 2825 835 2886 consulit
848 2830 1022 2910 umbram,
1037 2883 1041 2887 .

82 2925 161 2990 Scire
175 2930 273 2992 dedit.
288 2937 465 3013 Moestum,
481 2935 556 2994 fletu
568 2943 740 3012 manante,
756 2933 909 3015 cadaver,

45 3011 46 3020 ἵ
83 3032 189 3098 Tristia
201 3057 269 3100 non
279 3039 432 3120 equidem
445 3043 622 3126 Parcarum
639 3040 795 3122 stamina,
815 3041 912 3124 dixit,

81 3141 229 3226 Adspexi,
251 3147 367 3210 tacitae
379 3158 550 3243 revocatus
566 3151 609 3211 ab
625 3169 744 3234 aggere
758 3149 868 3231 ripae:

82 3246 171 3330 Quod
179 3259 294 3312 tamen
308 3251 463 3314 ecunctls
475 3251 562 3313 mihi
572 3273 707 3315 noscere
716 3253 854 3339 contigit
863 3253 1004 3338 umbrIs,

81 3351 179 3416 Effera
192 3359 361 3444 Romanos
378 3359 479 3445 agitat
496 3360 660 3423 discordia
677 3382 805 3446 manes,
823 3377 824 3384 ¹

13 3503 14 3532 3
80 3455 242 3540 impiaque
259 3462 422 3525 internam
440 3477 600 3548 ruperunt
613 3485 706 3528 arma
720 3465 873 3546 quietem.

13 3563 15 3588 ³
81 3561 198 3644 Elysias
214 3565 273 3628 alii
285 3570 390 3652 sedes,
406 3591 444 3632 ao
456 3573 593 3632 Tartara
605 3581 730 3662 moesta

13 3717 15 3736 ,
80 3665 202 3732 Diversi
219 3669 345 3751 liquere
362 3676 476 3736 duoesr
496 3673 578 3754 quid
596 3673 663 3734 fata
680 3684 853 3758 pararent,

14 3753 15 3762 ἵ
80 3770 236 3842 llifecere
248 3780 369 3862 palam.
382 3779 497 3849 Tristis
509 3779 665 3850 felicibus
676 3781 802 3845 umbris
