2824 4880
377 395 436 476 254
637 398 1083 463 rnnnsnmn
1175 423 1295 486 uun

375 543 452 604 Non
462 539 612 626 neglecte
621 537 716 620 Deis,
735 535 875 602 Phariae
888 538 1074 622 primordia
1089 521 1212 626 gentis,

376 647 622 724 Terrarumque
634 642 733 724 sites,
745 642 905 729 vulgique
916 645 1058 708 edissere
1072 665 1197 729 mores,

376 757 417 822 Et
427 755 525 838 ritus,
539 755 726 834 formasque
740 750 865 816 Deum:
880 757 1104 838 quodcunque
1116 757 1253 822 vetustis

377 857 578 941 Inscriptum
591 867 639 922 est
650 855 760 940 adytis
773 857 899 941 profer,
918 857 1076 938 noscique
1089 860 1239 922 volentes

375 965 486 1034 Prode
496 965 593 1027 Deos.
605 961 641 1026 Si
655 962 854 1048 Cecropium
866 985 925 1028 sua
939 984 1031 1028 sacra
1044 967 1219 1030 Platonem

376 1065 521 1131 Maiores
535 1067 677 1128 docuere
689 1065 753 1130 tuiz
770 1066 846 1149 quie
859 1067 992 1154 dignior
1007 1047 1156 1150 unquam

378 1171 454 1233 Hoc
468 1171 530 1234 tuit
545 1171 661 1233 auditu
671 1217 681 1252 ,
693 1173 876 1254 mundique
891 1174 1044 1256 capacior
1057 1176 1202 1256 hospes?

378 1277 480 1340 Fama
490 1275 625 1358 quidem
635 1277 751 1361 generi
762 1278 898 1341 Pharias
908 1301 962 1340 me
973 1279 1067 1340 duxit
1076 1281 1119 1340 ad
1129 1282 1244 1361 urbes,

379 1381 445 1442 Sed
456 1389 566 1444 tamen
577 1391 609 1442 et
622 1379 738 1444 vestrir
754 1381 866 1444 media
876 1382 963 1444 inter
978 1381 1105 1465 proelia
1121 1402 1254 1464 semper

380 1488 573 1568 Stellarum,
586 1487 735 1568 coelique
745 1487 866 1574 plagis,
883 1488 1080 1572 Superisque
1090 1473 1223 1569 vacavi,
1389 1506 1390 1582 q

381 1591 449 1654 Nec
467 1609 559 1654 meua
575 1591 705 1652 Eudoxi
721 1591 872 1654 vincetur
887 1589 1025 1659 fastibus
1041 1611 1158 1653 annus.
1389 1587 1390 1592 ’

381 1699 446 1763 Sed
462 1718 538 1762 cum
557 1709 647 1761 tanta
664 1719 740 1762 meo
756 1698 846 1762 vivat
859 1701 920 1763 sub
933 1709 1068 1782 pectore
1082 1697 1204 1778 virtus,

300 1873 307 1892 ,
382 1806 508 1870 Tantus
518 1825 612 1868 amor
626 1807 712 1890 veri,
729 1807 815 1870 nihil
831 1817 879 1870 est
892 1807 985 1888 quod
998 1825 1133 1868 noscere
1152 1799 1282 1882 malim,

383 1914 494 1996 Quam
508 1912 600 1974 duvii
619 1932 732 1978 causas
746 1933 806 1997 per
818 1913 930 1975 secula
947 1922 1036 1974 tanta
1053 1913 1208 1991 latentes,
1391 1964 1392 2022 p

382 2017 607 2104 Ignotumque
618 2029 732 2102 caput:
746 2037 819 2102 spes
835 2019 876 2082 sit
885 2008 973 2081 inihi
986 2025 1074 2080 certa
1088 2012 1228 2077 videndi
1391 2029 1392 2078 t

384 2119 528 2186 Niliacos
544 2123 666 2201 fontee;
686 2123 813 2186 bellum
830 2120 928 2186 civile
943 2118 1153 2199 relinquam·
1285 2127 1330 2193 192

425 2227 587 2308 Finierat,
603 2237 784 2310 contraque
796 2247 888 2290 sacer
904 2225 950 2290 sic
968 2243 1062 2286 orsus
1077 2223 1263 2286 thoreus:

385 2333 447 2397 Fas
460 2333 544 2396 urihi
557 2354 776 2420 magnorum,
792 2335 929 2415 Caesar,
947 2341 1072 2396 secreta
1091 2339 1269 2412 parentum
1392 2317 1393 2322 ¹

387 2429 548 2515 Prodere,
567 2436 611 2496 ad
621 2435 686 2497 hoc
698 2434 772 2496 aevi
787 2435 919 2518 populis
929 2434 1045 2520 ignota
1062 2429 1224 2516 profanis.
1393 2422 1394 2508 i

387 2539 435 2603 Sit
451 2537 555 2622 pietas
572 2538 663 2622 aliis,
682 2538 844 2602 miracula
862 2550 952 2601 tanta
967 2538 1080 2603 silere:

387 2645 446 2706 Ast
461 2663 523 2728 ego
535 2643 701 2708 coelicolis
713 2652 844 2729 gratum
861 2662 951 2725 reor,
968 2641 1017 2704 ire
1033 2663 1092 2725 per
1108 2651 1227 2704 omnes

387 2747 463 2808 Hoc
478 2765 562 2828 opus
570 2789 581 2827 ,
598 2757 631 2808 et
646 2767 755 2810 sacras
766 2746 900 2830 populis
916 2758 1083 2810 notescere
1096 2747 1195 2832 leges.

389 2851 574 2935 Sideribus,
593 2871 678 2932 quae
688 2855 759 2916 sola
775 2854 891 2939 fugam
909 2855 1123 2916 moderantur
1138 2839 1293 2932 Olympi,

390 2961 644 3042 Occurruntque
654 2964 749 3046 polo,
767 2961 896 3025 diversa
905 2960 1053 3043 potentia
1066 2959 1176 3044 prima

391 3065 511 3130 Mundi
527 3068 599 3155 lege
611 3070 688 3132 deta
699 3079 759 3133 est.
775 3070 830 3132 Sol
846 3078 995 3150 tempora
1009 3065 1127 3130 dividit
1140 3064 1236 3147 anniq

324 3181 328 3192 ’
391 3173 500 3235 Mutat
512 3183 609 3236 nocte
620 3173 723 3253 diem,
740 3172 905 3253 radiisque
915 3171 1104 3254 potentibus
1119 3181 1207 3233 astra

392 3279 446 3341 Ire
457 3289 563 3362 vetat,
583 3301 760 3362 cursusque
779 3299 880 3365 vagos
896 3279 1035 3344 statione
1052 3289 1212 3342 moratur.

393 3387 491 3450 Luna
508 3385 576 3450 suis
594 3385 723 3450 vicibus
742 3388 891 3468 Tethyn,
908 3394 1102 3465 terrenaque
1119 3384 1246 3448 miscet.

394 3487 528 3574 Frigido
538 3494 680 3554 Sammo
698 3491 837 3577 glacies,
856 3502 888 3553 et
903 3513 986 3554 zona
1000 3491 1120 3556 nivalis

397 3589 509 3652 Cessit.
527 3595 636 3656 Habet
648 3607 780 3676 ventos,
797 3595 989 3675 incertaque
1007 3595 1150 3658 fulmina
1162 3599 1304 3674 Mavors3

397 3695 465 3758 Sub
479 3695 557 3758 Iove
574 3699 765 3782 temperies,
783 3709 815 3761 et
833 3720 1006 3780 nunquam
1024 3701 1174 3763 turbidus
1190 3705 1256 3764 adr.

397 3797 439 3858 At
457 3797 598 3862 fecunda
608 3803 721 3868 Venus
737 3811 932 3868 cunctarum
950 3802 1077 3870 semina
1095 3801 1208 3868 rerum
