2852 4878
357 389 428 485 30=
619 389 1059 453 PHARSALIAE
1145 406 1271 467 v.ro7.

355 529 494 595 Infantis
513 531 626 596 miseri
640 535 805 597 nascentia
818 557 972 617 rumpere
984 536 1061 598 lata.

357 633 503 698 Crimine
519 653 586 716 quo
600 633 695 718 parvi
712 638 844 698 caedem
860 648 997 718 potuere
1012 633 1154 700 mereri?

355 741 420 806 Sed
432 743 507 806 satis
520 755 567 806 est
586 744 654 806 iam
666 763 760 826 posse
774 745 870 806 mori.
891 732 1008 806 Trahit
1022 745 1092 826 ipse
1109 741 1245 806 furoris*

355 845 518 931 Impetus:
536 861 582 932 ct,
595 851 703 914 visum
719 851 877 933 esblcnti,
893 850 1055 932 qtraesisse
1072 861 1254 924 nocentem.

354 951 395 1014 In
411 973 587 1016 numerum
601 975 677 1037 pars
690 976 813 1040 magna
829 957 931 1039 perit:
948 956 1125 1039 rapuitque
1139 967 1299 1022 cruentus
1410 985 1411 990 ¹

357 1059 470 1124 Victor
485 1064 527 1124 ab
543 1062 660 1147 ignota
673 1066 783 1128 vultus
797 1063 925 1127 cervice
940 1063 1075 1147 recisos,

355 1167 444 1226 Dum
458 1187 561 1227 vacua
575 1171 677 1249 pudet
688 1169 738 1230 ire
751 1186 871 1246 manu.¹
883 1171 962 1252 Spes
977 1189 1046 1254 una
1062 1154 1177 1232 salutis

356 1271 478 1334 Oscula
493 1274 639 1354 pollutae
652 1271 759 1336 fixisse
776 1271 949 1336 trementia
965 1270 1108 1345 dextrae.

354 1373 448 1436 Mille
464 1375 540 1437 licet
553 1377 656 1461 gladii
672 1378 786 1440 mortis
801 1397 888 1440 nova
903 1379 997 1464 signa
1013 1389 1208 1462 sequantur,
1286 1431 1294 1443 ,

354 1485 506 1572 Degener
519 1507 539 1548 o
558 1488 716 1568 populus,
734 1485 789 1546 vix
805 1487 915 1548 secula
931 1488 1032 1572 longa
1051 1488 1209 1548 decorum

354 1593 402 1656 Sit
421 1593 577 1655 meruisse
592 1591 688 1674 viris,
703 1593 826 1654 nedum
844 1593 945 1654 breve
962 1595 1103 1656 dedecus
1120 1594 1208 1676 aevi,

354 1698 395 1760 Et
407 1697 525 1777 vitam,
538 1699 618 1759 dum
634 1697 725 1757 Sulla
738 1695 833 1776 redit.
855 1691 917 1759 Cui
930 1699 1048 1760 funera
1062 1699 1156 1784 vulgi

354 1807 448 1868 Flere
458 1808 574 1868 vaceti
589 1805 645 1867 vix
664 1817 695 1867 te
708 1807 858 1886 sparsum
874 1825 935 1886 per
951 1804 1092 1884 viscera,
1107 1803 1220 1886 Baebi,

354 1911 548 1974 Innumeras
566 1907 828 1992 intercarpentis
847 1910 995 1970 membra
1010 1916 1150 1969 coronae

354 2019 544 2082 Discessisse
558 2039 693 2082 manus:
707 2025 763 2078 aut
777 2025 827 2098 te,
840 2017 998 2102 praesage
1013 2016 1178 2079 malorum

353 2122 490 2204 Antoni,
507 2121 599 2184 cuius
616 2120 730 2184 laceris
749 2119 930 2202 pendentia
948 2118 1038 2182 canis
1253 2135 1313 2180 122

352 2221 424 2284 Ora
438 2223 545 2289 ferens
562 2221 655 2286 miles
670 2223 769 2285 festae
785 2221 932 2283 rorantla
946 2217 1082 2284 mensae

353 2325 525 2412 Imposuit.
540 2331 688 2391 Truncos
705 2327 860 2390 laceravit
872 2327 1018 2391 Fimbria
1033 2331 1174 2392 Crassos.

354 2435 458 2497 Saeva
470 2433 658 2496 Tribunitio
674 2435 871 2496 maduerunt
885 2437 1006 2498 robora
1021 2437 1108 2498 tabo.

354 2537 402 2600 'Pe
417 2558 548 2619 quoque
562 2537 749 2623 neglectum
764 2537 916 2620 violatae,
937 2541 1106 2620 Scaevola,
1118 2541 1252 2602 dextrae

354 2644 438 2706 Ante
454 2642 563 2725 ipsum
576 2643 745 2725 penetrale
756 2645 862 2726 Deae,
879 2659 1072 2727 semperque
1090 2645 1231 2706 calentes

354 2747 540 2808 Mactavere
552 2747 661 2838 focos:
676 2757 818 2830 parvum
833 2752 891 2812 sed
904 2750 986 2812 fessa
999 2759 1147 2812 senectus

256 2899 261 2905 .
353 2849 528 2936 Sanguinis
541 2839 681 2914 effundit
693 2851 823 2938 iugulo,
840 2854 1045 2935 flammisque
1060 2853 1218 2938 pepercit.

353 2957 519 3037 Septimus
531 2955 613 3018 haec
627 2956 788 3038 sequitur,
804 2959 949 3040 repetitis
963 2961 1121 3044 fascibus,
1134 2981 1261 3026 annau:
1328 2943 1331 2950 ⁴

329 3076 340 3107 s
353 3065 414 3124 Ille
429 3063 492 3124 fuit
507 3062 594 3124 vitae
607 3062 714 3124 Mario
727 3065 860 3146 modus,
879 3065 990 3128 omnia
1003 3087 1112 3150 passo,

354 3170 447 3252 Quae
461 3167 555 3250 peior
567 3167 701 3230 fortuna
712 3178 834 3250 potest,
845 3182 943 3252 atque
957 3174 1111 3238 omnibus
1125 3193 1223 3256 us0‚,

355 3271 449 3353 Quae
459 3270 595 3348 melior;
609 3293 804 3354 mensoque,
814 3275 958 3338 hominis
968 3277 1049 3360 quid
1060 3278 1126 3340 fata
1135 3284 1297 3360 paterent.

393 3376 465 3436 Iam
479 3386 560 3455 quot
572 3379 662 3462 apud
675 3359 765 3441 Sacri
779 3378 926 3442 cecidere
939 3382 1099 3443 cadavera
1109 3381 1271 3444 Portum?

352 3483 417 3546 Aut
433 3482 562 3544 Collina
578 3485 652 3546 tulit
664 3494 778 3548 stratas
795 3495 875 3567 quot
891 3495 989 3568 porta
1001 3497 1159 3569 catervas,

353 3587 447 3650 Tunc
462 3607 537 3648 cum
554 3597 657 3668 paene
675 3593 773 3672 caput
789 3590 920 3672 mundi,
938 3612 1115 3670 rerumque
1128 3598 1271 3673 potestas

274 3777 276 3779 Ι
353 3690 494 3755 Mutavit
509 3684 803 3778 translata'locum,
819 3697 1034 3776 Romanaque
1049 3695 1180 3762 Samnis
1227 3723 1232 3742 .

353 3801 446 3864 Ultra
460 3798 623 3864 Caudinas
635 3803 780 3884 speravit
795 3807 932 3872 vulnera
949 3807 1091 3872 Furcas?
