2790 4874
342 366 403 426 sss
602 347 1045 424 unissime
1141 364 1264 445 eeu.

1378 631 1379 686 l

344 499 475 568 Credite
491 505 670 588 pendentes
688 502 859 568 esummis
874 502 1049 566 moenibus
1066 469 1167 569 urbis!

344 611 498 674 Crinibus
517 605 629 672 effusis
647 607 774 673 hortari
793 607 830 670 in
843 606 970 690 proelia
989 616 1119 670 matres.

345 715 475 778 Credite
488 716 731 804 grandaevum,
749 713 956 793 vetitumque
970 721 1076 776 aetete
1094 713 1253 776 Senatum

343 821 445 900 Arme
458 817 568 900 sequi,
589 837 698 882 sacros
708 817 848 898 pedibus
860 827 1069 902 prosternere
1086 837 1204 894 cenos3

343 919 450 998 Atque
461 917 569 1000 ipsam
582 916 713 1004 domini
725 926 926 982 metuentem
941 937 1115 980 occurrere
1132 920 1284 1000 Romam.
1378 907 1379 980 l

344 1020 494 1102 Credite,
507 1020 567 1104 qui
577 1043 666 1084 nunc
679 1032 726 1086 est
735 1023 895 1110 populus,
910 1023 1140 1112 populumque
1153 1022 1301 1087 futurum
1378 999 1379 1082 l

343 1123 525 1188 Permixtas
539 1127 668 1192 adferre
679 1149 803 1210 preces.
822 1131 913 1192 Haec
932 1127 1038 1190 libera
1050 1127 1157 1209 nasci,

344 1232 437 1293 Haec
447 1233 519 1294 vult
534 1234 631 1296 turbo
642 1229 738 1296 utori-
754 1231 789 1292 Si
806 1230 880 1312 quis
892 1240 966 1314 post
979 1231 1122 1316 pignora
1134 1240 1226 1296 tenta

344 1335 504 1420 Pompeio
517 1335 611 1400 loeus
621 1347 685 1418 est,
704 1357 779 1399 cum
789 1337 899 1419 prole,
914 1335 947 1398 e't
959 1335 1100 1422 coniuge
1110 1337 1266 1420 supplex,

344 1440 482 1526 Imperii
496 1442 588 1506 salve
605 1441 635 1506 si
653 1441 820 1504 maiestate
839 1441 970 1521 liceret,

345 1547 507 1613 Volverer
520 1555 598 1612 ante
613 1547 722 1629 pedes.
745 1549 902 1630 Magnus,
919 1543 986 1608 nisi
1000 1543 1151 1628 vincitis,
1169 1544 1277 1626 exsut,

344 1649 544 1720 Ludibrium
557 1649 678 1730 soceri,
698 1661 806 1716 vester
818 1651 942 1732 pudor,
958 1649 1076 1714 ultime
1090 1649 1158 1714 fate

344 1758 530 1839 Deprecor,
545 1775 584 1822 ac
595 1765 706 1840 turpes
719 1753 857 1838 extremi
870 1753 1013 1818 cardinis
1026 1773 1146 1835 anuos,

344 1858 394 1920 Ne
410 1857 534 1920 discam
550 1857 676 1921 servire
693 1878 804 1928 senex,
820 1858 903 1921 Tem
917 1866 1044 1922 moesta
1062 1856 1165 1923 locuti

344 1968 437 2032 Vooe
450 1965 543 2031 ducis
556 1969 697 2052 flagrant
714 1966 838 2049 animi,
858 1968 1078 2047 Romanaque
1092 1967 1197 2032 virtus
1378 2035 1379 2060 ,

344 2073 507 2160 Erigitur,
519 2073 711 2158 placuitque
723 2073 826 2156 mori,
844 2071 872 2138 si
887 2092 967 2134 vere
983 2071 1122 2172 timeret.
1247 2080 1300 2153 384
1378 2075 1379 2116 ἒ

385 2183 474 2267 Ergo
494 2182 650 2262 utrinque
665 2180 740 2264 pari
753 2189 955 2264 procurrunt
971 2167 1107 2266 agutim
1123 2191 1218 2248 motu

249 2287 252 2297 '
343 2289 494 2352 Irarum:
511 2297 618 2350 metus
636 2290 697 2352 hos
713 2285 825 2370 regni,
838 2307 911 2368 spes
929 2285 1049 2350 excitet
1065 2268 1172 2352 illos]

343 2398 417 2459 Hae
437 2393 560 2458 socient
577 2394 727 2472 dextrae,
741 2387 907 2472 quidquid
918 2409 988 2462 non
1004 2392 1135 2474 expleat
1151 2401 1239 2458 uetes

298 2525 304 2533 ·
343 2499 437 2580 Ulla,
452 2519 514 2562 nec
523 2499 708 2566 humanum
719 2505 849 2577 reparet
862 2517 968 2584 genus
984 2495 1139 2565 omnibus*
1156 2497 1266 2584 armis,
1378 2569 1379 2578 ἵ

344 2605 390 2665 Ut
405 2614 499 2668 vacet
516 2603 647 2670 aferro.
667 2604 788 2672 Gentes
800 2605 887 2668 Mars
899 2603 961 2668 iste
976 2603 1106 2667 futuras

346 2709 493 2792 Obruet,
508 2721 540 2774 et
550 2710 693 2795 populos
706 2707 780 2770 aevi
793 2706 957 2794 venientis
971 2707 1009 2772 in
1029 2713 1146 2774 orbem

344 2814 467 2897 Erepto
481 2816 590 2884 natale
604 2815 697 2886 seret.
717 2816 812 2886 Tunc
831 2814 1104 2892 omneLatiuum

277 2972 287 2996 χ
344 2920 602 2986 Fabulanornen
613 2919 693 2986 erit:
710 2919 845 3000 Gabios,
863 2918 1044 3002 Veiosque,
1060 2924 1264 3005 Coramque,

345 3027 486 3096 Pulvere
492 3027 560 3111 ,vix
580 3038 683 3092 tectae
695 3037 852 3110 poterunt
869 3039 1054 3096 monstrare
1068 3031 1204 3112 ruinae,
1378 3093 1379 3120 ἦ

344 3133 555 3214 Albanosque
576 3135 677 3216 lares,
692 3134 978 3216 Laurentinosque
993 3147 1129 3218 penates
1207 3159 1209 3166 ·
1311 3193 1313 3197 ,

221 3243 224 3260 '
344 3239 585 3322 Bursaonum,
596 3243 685 3320 quod
698 3262 768 3308 uon
781 3242 924 3324 habitet,
938 3243 1001 3312 nisi
1016 3253 1112 3308 nocte
1123 3252 1255 3326 coacte,

344 3341 471 3426 Invitus
478 3391 488 3427 ,
502 3356 699 3428 questusque
710 3348 852 3412 Numam
864 3346 1011 3430 iussisse,
1024 3348 1173 3412 Senatus.

332 3444 420 3536 'Non
430 3461 518 3514 aetas
528 3449 737 3536 haeccarpsit
746 3453 847 3536 edax,
858 3463 1272 3536 monumenteqnererum-

345 3553 459 3616 Putria
473 3557 636 3624 destituit:
652 3561 783 3627 crimen
797 3560 894 3628 civile
907 3562 1077 3646 ridemus,
1172 3583 1175 3590 ·

345 3655 410 3718 Tot
421 3677 541 3726 vacuas
559 3665 665 3732 urbes·
685 3665 824 3734 Generis
835 3685 903 3748 quo
914 3667 1156 3732 turbaredecta
1169 3674 1217 3732 est

346 3761 517 3828 Humani?
538 3775 606 3830 toto
618 3772 736 3856 populi
748 3772 809 3856 qui
828 3772 996 3842 nascimur
1010 3774 1124 3856 orbe,
1186 3809 1189 3816 ·
