2852 4878
391 359 600 424 crees
639 359 666 422 1.
706 341 809 424 ‘usu

113 504 272 568 Gedelur:
288 498 438 584 iurisque
457 500 508 566 tui
522 510 643 566 notura
652 499 834 586 relinquet,

111 607 199 695 Quis
206 611 298 673 Deus
310 629 380 674 esse
394 605 494 690 velis,
509 597 569 671 uhi
582 624 725 696 regnum
741 627 868 692 ponere
886 607 1016 672 mundi.

111 711 178 779 sed
189 737 300 798 neque
311 715 348 780 in
361 719 483 780 Arctoo
496 717 608 781 sedem
623 715 684 780 libi
693 715 815 804 legeris
832 718 930 780 orbe:

13 833 14 858 ¹
111 825 183 910 Npc
199 826 299 909 polus
312 824 443 888 adversi
460 824 588 899 calidus
600 837 667 906 quc
678 823 828 910 vergitur
846 821 976 904 luten

111 929 212 992 Unde
226 937 319 992 tuam
333 927 446 992 videas
460 927 599 1010 obliquo
610 927 719 992 sidere
737 929 891 990 Romam.
903 1008 905 1018 .

13 1027 14 1076 1
112 1035 267 1102 Aetheris
285 1035 442 1100 immensi
457 1035 630 1120 parlemsi
649 1035 806 1120 presseris
824 1055 946 1118 unam,

111 1135 240 1200 Sentiet
255 1137 325 1201 axis
338 1157 437 1206 onus.
453 1137 582 1202 Librati
602 1139 752 1222 pondera
773 1137 859 1202 coeli

113 1246 209 1307 Orbe
221 1254 299 1308 tene
315 1245 448 1310 medIo:
465 1239 545 1332 pars
562 1245 704 1312 aetheris
723 1247 784 1311 illa
796 1247 908 1312 sereni

112 1353 199 1414 Tota
212 1361 323 1435 vacet,
343 1353 522 1432 nullaeque
536 1353 667 1418 obstent
682 1368 704 1412 a
721 1354 862 1414 Camere
874 1354 992 1416 nubes.
1060 1365 1063 1372 ’

111 1459 211 1521 Tunc
222 1478 329 1544 genus
342 1460 529 1522 humanum
542 1457 659 1544 positis
678 1457 744 1522 sibi
752 1442 911 1524 'consulat
922 1455 1042 1542 armis,

110 1565 222 1646 Inque
237 1565 346 1630 vicen
360 1585 444 1652 gens
461 1565 572 1630 omnis
583 1575 685 1630 amet:
697 1585 764 1649 pax
777 1563 876 1631 misse
892 1587 954 1650 per
967 1567 1084 1632 orbem

110 1673 236 1734 Ferrea
248 1671 403 1758 belligeri
416 1657 603 1756 compescat
616 1671 734 1735 limina
746 1671 831 1734 Iani.

109 1779 182 1842 Sed
198 1777 282 1840 mihi
293 1777 362 1841 iam
377 1772 521 1842 numen:
542 1801 621 1862 nec,
633 1779 661 1843 si
674 1789 705 1842 te
717 1789 852 1863 pectore
864 1786 955 1846 vatos

13 1859 14 1890 i
110 1879 298 1964 Accipiam,
311 1881 470 1945 Cirrhaea
489 1883 592 1946 velim
610 1893 735 1948 secrete
751 1895 943 1948 moventem

13 2021 14 2028 κ
80 1997 82 2006 ⁴
109 1982 300 2046 Sollicitare
318 1985 444 2066 Deum,
461 1987 693 2066 Bacchumque
714 1996 865 2048 avertere
880 1989 981 2069 Nysa.

110 2089 168 2154 Tu
184 2087 262 2154 satis
277 2090 460 2154 addendas
473 2093 626 2158 Romana
639 2091 676 2154 in
693 2092 843 2156 carmina
862 2093 959 2156 vires.
1042 2094 1082 2156 66

155 2199 232 2260 Fert
248 2183 380 2262 animus
395 2217 509 2262 causas
526 2208 693 2263 tantarum
706 2191 904 2283 expromere
918 2223 1052 2266 rerum:
1122 2247 1127 2250 -

112 2301 386 2386 Immensumque
395 2301 544 2388 aperitur
552 2323 652 2388 opus,
665 2305 747 2388 quid
761 2305 798 2370 in
808 2317 902 2370 arma
912 2309 1082 2372 furentem

110 2406 289 2490 Impulerit
304 2407 489 2491 populum,
502 2405 585 2490 quid
598 2427 718 2492 pacem
730 2409 908 2474 excusserit
924 2409 1011 2474 orbi.

111 2517 234 2579 Invida
247 2517 392 2580 fatorum
409 2513 526 2598 series,
543 2515 751 2596 summisque
770 2527 927 2605 negatum

111 2625 209 2686 Stare
217 2623 292 2700 diu;
308 2621 481 2703 nimioque
492 2639 611 2707 graves
627 2621 691 2685 sub
704 2625 854 2704 pondere
872 2625 1007 2706 lapsus5'

112 2731 184 2791 Nee
199 2749 234 2791 se
251 2729 360 2790 Roma
370 2727 496 2811 ferens-K
507 2727 573 2809 Sic,
591 2749 689 2812 cum,
706 2747 870 2814 compage
885 2731 1012 2812 soluta,

111 2835 232 2904 secula
247 2844 296 2898 tot
312 2834 432 2898 mundi
443 2853 599 2918 suprema
616 2835 762 2920 coe'gerit
778 2837 878 2918 hora,

110 2942 295 3023 Antiquum
312 2952 465 3024 repetens
481 2941 605 3006 iterum
622 2944 739 3024 chaos,
760 2941 875 3004 omnia
889 2943 1001 3010 mixtis

110 3050 230 3112 Sidera
244 3048 407 3114 sideribus
426 3056 640 3118 concurrent:
654 3047 754 3134 ignea
767 3057 919 3132 pontum

110 3161 210 3220 Astra
226 3165 355 3240 petent:
370 3158 467 3223 tellus
486 3158 666 3229 extendere
680 3155 779 3219 litora
795 3146 920 3242 ηοΙεῒ,Χ

111 3261 331 3344 Excutietque
347 3263 486 3326 fretum:
508 3261 606 3326 fratri
625 3263 791 3326 contraria
807 3265 941 3326 Phoebe

110 3365 197 3452 Ibit,
218 3377 267 3447 et,
285 3363 461 3445 obliquum
474 3364 570 3451 bigas
584 3365 712 3451 agitare
720 3387 784 3448 per
800 3369 917 3428 orbern

109 3470 308 3556 Indignata,
326 3471 416 3532 diem
431 3481 545 3554 poscet
561 3471 645 3536 sibi:
664 3482 798 3554 totaque
814 3467 957 3539 discos
1046 3529 1050 3543 .

13 3617 15 3666 1
109 3574 271 3640 Machina
290 3575 414 3640 divulsi
429 3577 729 3640 turbabit·foedera
746 3579 876 3643 mundi.

109 3683 155 3746 In
167 3705 202 3746 sc
221 3703 345 3770 magna
361 3695 482 3748 ruunt:
493 3687 494 3690 ’
504 3685 597 3749 laetis
612 3689 703 3750 hunc
720 3689 860 3752 numina
878 3691 979 3780 rebus

13 3853 14 3900 ζ
109 3793 294 3862 crescendi
306 3813 447 3878 posuere
461 3791 611 3859 modurn.
629 3797 697 3860 Nee
708 3796 862 3884 gentibus
874 3791 953 3862 ultis
