2824 4880
246 467 250 484 l
370 407 430 454 aro
601 387 1064 450 =PHARSALIAE
1164 393 1287 468 v.814.

366 531 508 596 Civilem
525 529 679 616 repetisse
693 539 820 618 togams
841 541 891 596 ter
903 531 1054 596 curribus
1070 532 1152 598 actis

367 639 568 700 Contentum
577 631 701 718 patriae
710 635 832 698 multos
842 637 979 700 donasse
992 635 1189 719 triumphos.

366 738 450 824 Quis
461 737 549 821 capit
560 740 641 800 baec
652 739 822 802 tumulus?
838 739 948 825 Surgit
963 739 1154 805 miserabile
1166 744 1301 808 bustum
1389 775 1390 848 p

365 843 442 904 Non
451 841 528 906 ullis
543 841 678 924 plenum
693 841 815 924 titulis,
830 861 899 907 non
912 843 1030 906 ordine
1041 853 1132 908 tauto
1389 855 1390 920 Τ

365 943 767 1024 Fastorumzsolitumque
778 944 952 1030 legisuper
965 947 1033 1008 alta
1046 949 1195 1011 Deorum
1389 925 1390 986 i

366 1049 538 1132 Culmina‚
554 1059 587 1112 et
603 1058 782 1112 exstructos
793 1049 907 1132 spoliis
921 1050 1223 1137 hostilibusarcus,
1389 1029 1390 1102 i

365 1158 465 1220 Haud
479 1156 596 1240 procul
611 1164 659 1216 est
674 1153 743 1216 ima
757 1151 909 1236 Pompeii
921 1175 1045 1216 nomen
1064 1175 1182 1236 arena,
1256 1217 1260 1226 ,
1344 1183 1345 1186 “

364 1261 565 1341 Depressum
582 1259 731 1340 tumulo,
745 1259 838 1338 quod
848 1257 921 1320 'non
936 1260 1024 1342 legat
1037 1259 1166 1322 advena
1177 1265 1298 1342 rectus,

365 1360 540 1448 Quodnisi
550 1370 767 1424 monstratum
779 1363 951 1424 Romanus
967 1369 1109 1424 nauseat
1122 1362 1252 1442 hospes.

385 1534 387 1551 A
405 1464 510 1526 Noxia
525 1463 615 1528 civili
629 1467 726 1528 tellus
742 1463 906 1550 Aegyptia
925 1464 1010 1548 fato,
1389 1485 1390 1504 ¹

364 1545 464 1632 riano
478 1568 632 1650 equidem
641 1569 808 1634 immerito
824 1572 993 1634 Cumanae
1008 1569 1156 1638 carmine
1168 1571 1253 1639 vatis

365 1681 521 1761 Cautum,
538 1699 581 1742 ne
593 1679 661 1742 Nili
674 1679 804 1744 Pelusia
818 1689 967 1766 tangeret
981 1699 1041 1742 ora

249 1865 257 1882 x
364 1785 543 1867 Hesperius
559 1784 670 1869 miles,
687 1784 841 1868 ripasque
856 1796 977 1850 aestate
994 1796 1168 1854 tumentes.

174 1881 177 1896 '
364 1891 455 1976 Quid
473 1891 534 1954 tibi
545 1912 643 1956 saeva
655 1913 771 1975 precer
784 1912 849 1976 pro
860 1902 951 1956 tanto
966 1893 1107 1956 crimine
1123 1896 1242 1958 tellus?

365 1999 480 2063 Vertat
491 2018 593 2080 aquas
603 1999 712 2080 Nilus,
726 2019 794 2080 quo
804 1999 949 2062 nascitur
963 2002 1059 2083 orbe,
1073 2011 1232 2085 retentus,

333 2134 335 2144 Δ
365 2107 406 2168 Et
417 2105 543 2170 steriles
557 2117 674 2192 egeant
686 2105 836 2170 bibernis
849 2103 1014 2168 imbribus
1034 2105 1120 2192 agri,
1262 2110 1309 2189 829

364 2213 513 2292 Totaque
526 2212 563 2276 in
581 2213 780 2296 Aethiopum
793 2221 906 2297 putres
921 2211 1059 2278 solvaris
1075 2231 1203 2276 arenas·
1230 2261 1231 2266 η

365 2319 431 2382 Nos
447 2319 484 2382 in
501 2322 624 2402 templa
642 2330 733 2382 tuam
746 2323 899 2382 Romana
915 2317 1099 2401 recepimus
1113 2319 1192 2382 Isim
1196 2363 1210 2402 ‚,

364 2427 597 2510 Semideosque
608 2449 720 2512 canes,
733 2439 765 2496 et
782 2429 875 2492 sistra
886 2429 1034 2493 iubentia
1050 2431 1174 2511 luctus,
1258 2469 1260 2474 -

365 2539 405 2600 Et
417 2515 516 2620 quem
529 2547 565 2600 tu
579 2539 741 2625 plangens
751 2537 924 2600 hominem
938 2536 1064 2601 testaris
1073 2533 1214 2600 Osirim:

365 2647 417 2708 Tu
430 2654 576 2727 nostros,
585 2646 753 2731 Aegypte,
767 2654 857 2710 tenes
869 2643 905 2706 in
919 2646 1057 2728 pulvere
1071 2645 1196 2706 Manes.

366 2753 418 2816 Tu
431 2731 581 2833 quoque,
600 2771 678 2814 curn
694 2770 792 2822 saevo
805 2748 936 2814 dederis
950 2749 1018 2814 iam
1032 2749 1154 2832 templa
1164 2758 1309 2831 tyranno,
1389 2815 1390 2828 χ

364 2857 522 2919 Nondum
535 2853 686 2938 Pompeii
702 2854 841 2938 cineres,
868 2873 889 2916 o
903 2857 1029 2936 Roma,
1048 2851 1174 2936 petisti:

365 2959 466 3022 Exsul
480 2959 589 3020 adbuc
603 2957 688 3021 iacet
702 2958 821 3020 umbra
836 2956 940 3020 ducis.
955 2957 990 3018 Si
1004 2957 1114 3020 secula
1123 2954 1232 3038 prima

365 3060 507 3127 Victoris
524 3059 660 3124 timuere
677 3059 800 3138 minas3
819 3041 909 3122 nuno
925 3059 1039 3142 excipe
1053 3061 1167 3122 saltem

364 3167 448 3228 Ossa
462 3166 510 3227 tui
524 3166 655 3252 Magni,
669 3165 699 3229 si
716 3167 867 3228 noudum
879 3166 1015 3227 subruta
1030 3165 1133 3226 fluctu

364 3273 476 3340 Invisa
489 3275 606 3338 tellure
618 3276 742 3338 sedent.
758 3275 840 3360 Quis
850 3277 945 3338 busta
959 3271 1110 3338 timebit?

364 3381 448 3466 Quis
459 3381 559 3446 sacris
571 3380 709 3467 dignam
722 3381 864 3446 movisse
882 3382 1048 3446 verebitur
1064 3358 1214 3446 urnami'

262 3487 265 3501 “
362 3471 507 3569 Imperet
522 3491 587 3551 hoc
602 3486 699 3550 nobis
710 3486 838 3548 utinam
849 3489 973 3569 scelus,
992 3497 1024 3550 et
1035 3486 1117 3572 uelit
1134 3487 1186 3550 uti
1291 3495 1294 3504 ’

363 3595 483 3658 Nostro
500 3597 607 3659 Roma
619 3597 710 3660 sinu:
724 3595 800 3660 satis
815 3614 836 3659 o
850 3595 1057 3678 nimiumque
1069 3599 1199 3682 beatus,

363 3703 397 3767 si
411 3703 494 3766 mibi
507 3707 675 3794 contingat
688 3729 802 3772 manes
820 3708 1003 3797 transferre,
1012 3707 1161 3774 revulsos
1196 3711 1198 3716 ’

363 3811 562 3894 Ausoniam,
574 3811 605 3878 si
617 3813 682 3878 talc
694 3812 786 3878 ducis
801 3812 928 3878 violare
939 3813 1139 3896 sepulcrum.
