2788 4880
370 375 412 456 ,a
497 371 500 376 ·
627 369 1070 436 putassem„
1167 378 1303 460 aon„

369 495 518 578 Poenurlr
528 510 589 596 qui
601 512 704 576 Latiis
713 512 881 576 revocavit
891 515 934 576 ab
948 513 1077 578 arcibus
1089 515 1239 602 hostem,

366 618 490 702 Scipio.
510 623 594 684 Nam
604 621 697 684 sedes
709 620 835 702 Libyca
850 621 966 681 tellure
980 620 1086 702 potito
1175 665 1178 679 ,

369 725 545 800 Haeofuit.
565 727 631 808 Eu,
646 723 766 788 veteris
778 726 885 790 cernis
898 719 1037 824 vestigia
1054 729 1146 794 valli.

369 833 521 895 Romana
533 833 594 894 hos
609 830 756 913 primurn
769 830 873 914 tenuit
887 831 1026 893 victorie
1042 853 1187 917 campos.

303 927 306 934 ’
410 935 512 998 Curio
526 937 678 1017 laetatus,
695 946 853 1016 tanquam
868 936 1002 998 fortuna
1020 937 1172 1006 locorum

369 1038 459 1100 Bella
470 1048 579 1124 regat,
602 1049 775 1120 servetque
792 1039 915 1102 ducum
929 1038 994 1103 sibi
1011 1039 1078 1104 fata
1096 1043 1267 1129 priorum,

369 1144 472 1210 Felici
485 1165 555 1209 non
572 1146 678 1210 fausta
693 1149 769 1209 loco
787 1147 927 1222 tentoria
943 1168 1089 1232 ponens,
1147 1175 1149 1178 ¹

369 1249 509 1316 Indulsit
520 1250 646 1334 eastris,
659 1261 692 1314 et
704 1251 845 1339 collibus
863 1252 997 1316 abstulit
1010 1273 1129 1336 omen,
1148 1283 1150 1290 ·

368 1356 595 1437 Sollicitatque
608 1355 702 1420 ferox
719 1368 789 1420 uon
801 1355 915 1436 aequis
931 1356 1058 1421 viribus
1076 1360 1194 1420 hostes.

412 1463 530 1528 Omnis
548 1461 708 1527 Romanis
726 1481 811 1544 quae
826 1471 964 1525 cesserat
980 1450 1089 1524 Afriea
1107 1461 1225 1549 signis,
1297 1511 1298 1518 ,

369 1569 465 1631 Tunc
479 1564 563 1634 Vari·
573 1567 637 1630 sub
653 1564 727 1629 iure
738 1561 821 1628 fuit:
836 1563 895 1646 qui
907 1566 1028 1628 robore
1045 1581 1247 1644 quamquam

370 1671 520 1738 Confisus
532 1671 643 1755 Latio,
658 1669 745 1757 regis
764 1680 875 1734 tamen
892 1669 1043 1750 undique
1058 1667 1145 1732 vires
1196 1649 1199 1668 ⁶

368 1775 514 1839 Excivit:
529 1777 676 1860 Libycae
688 1787 822 1862 gentes,
836 1784 1048 1856 extremaque
1064 1771 1184 1836 mundi

368 1879 470 1966 Signa
482 1901 580 1944 suurn
596 1879 751 1952 comitata
760 1881 896 1944 iubam.
916 1882 991 1942 Nou
1009 1877 1114 1942 fusior
1126 1876 1191 1940 ulli

256 2009 286 2072 ς·
369 1989 472 2050 Terra
486 1987 550 2050 fuit
564 1987 718 2076 dominos
736 2005 803 2068 qua
819 1995 895 2054 sunt
911 1975 1105 2071 longissima
1122 1981 1243 2072 regna,

370 2091 513 2156 Cardine
525 2093 568 2154 ab
581 2092 720 2158 oeciduo
738 2091 868 2156 vicinus
882 2089 1030 2154 Gadibus
1046 2090 1136 2152 Atlas
1204 2124 1207 2134 ·
1263 2089 1314 2168 672

363 2198 555 2276 ‚Termiuan
575 2218 595 2259 a
609 2199 720 2262 medio
738 2195 877 2262 confinis
887 2194 1040 2280 Syrtibus
1053 2195 1230 2258 Hammon.
1372 2177 1375 2194 ⁸

368 2303 410 2364 At
427 2319 493 2380 qua
508 2302 575 2362 lata
588 2299 685 2383 iacet,
699 2303 782 2365 vasti
797 2304 897 2388 plaga
916 2300 1042 2362 fervida
1060 2299 1157 2385 regni

368 2401 511 2464 Distinet
527 2401 696 2464 Oceanum
702 2447 713 2484 ,
731 2423 898 2486 zonaeque
914 2412 1027 2466 exusta
1040 2403 1176 2470 ualentis

367 2505 541 2572 Sufficiunt
551 2505 668 2591 spatio.
687 2506 809 2590 Populi
829 2516 876 2569 tot
890 2515 997 2570 eastra
1011 2514 1210 2586 sequuntur,

367 2617 552 2697 Autololes,
567 2613 795 2695 Numidaeque
810 2613 906 2699 vagi,
920 2631 1119 2694 semperque
1125 2619 1256 2692 paratus

367 2724 499 2786 Inculto
510 2723 668 2786 Gaetulus
681 2740 784 2802 equo:
797 2731 868 2782 tum
883 2720 1039 2782 concolor
1051 2717 1136 2780 Indo

367 2829 520 2909 Maurus,
533 2823 630 2909 inops
639 2827 819 2906 Nasamon,
836 2822 933 2885 mixti
949 2823 1146 2884 Garamante
1156 2825 1284 2902 perusto

291 2993 292 2996 ,
366 2936 590 3000 Marmaridae
607 2938 777 3019 volucres,
798 2943 1062 3016 aequaturusque
1078 2931 1211 3016 sagittas

368 3041 561 3124 Medorum,
582 3020 762 3103 tremulum
776 3059 853 3101 oum
871 3037 964 3102 torsit
979 3036 1118 3118 missile,
1134 3039 1264 3121 ltlazax:
1377 3031 1378 3036 ’

368 3150 408 3210 Et
418 3171 514 3234 gens,
531 3167 615 3232 quae
632 3150 722 3212 nudo
737 3145 883 3212 residens
899 3143 1056 3227 Massylia
1071 3143 1175 3206 dorso
1377 3129 1378 3132 '

369 3253 439 3316 Ora
451 3253 520 3317 levi
531 3253 631 3321 flectit
644 3254 815 3318 frenorum
827 3251 938 3316 nescia
952 3251 1067 3339 virga:

213 3417 217 3424 .
318 3407 320 3412 .
367 3360 409 3422 Et
423 3359 538 3424 solitus
554 3359 666 3423 vacuis
685 3379 794 3422 errare
813 3343 1000 3441 mapalibus
1012 3357 1091 3420 Afer

369 3463 529 3546 Venator,
543 3463 687 3545 ferrique
701 3461 802 3525 simul
819 3459 941 3524 fiducia
954 3479 1024 3524 non
1044 3468 1110 3542 est,

368 3567 519 3636 Vestibus
534 3568 634 3632 iratos
646 3567 729 3631 laxis
748 3566 876 3650 operire
893 3569 1015 3630 leones.
1111 3633 1112 3640 χ

408 3679 475 3740 Neo
488 3676 596 3738 solum
611 3675 727 3738 studiis
744 3674 897 3738 civilibus
912 3673 1004 3736 arma
1019 3675 1178 3757 parabat,
1290 3699 1293 3702 ·

367 3781 517 3848 Privatae
534 3781 593 3846 sed
607 3781 696 3846 bella
711 3784 811 3846 dabat
826 3784 910 3846 Iuba
923 3780 1070 3846 concitus
1084 3779 1164 3842 irae.
