<?xml version="1.0" encoding="UTF-8"?>
<!DOCTYPE html PUBLIC "-//W3C//DTD XHTML 1.0 Transitional//EN"
    "http://www.w3.org/TR/xhtml1/DTD/xhtml1-transitional.dtd">
<html xmlns="http://www.w3.org/1999/xhtml" xml:lang="en" lang="en">
 <head>
  <title>
</title>
<meta http-equiv="Content-Type" content="text/html;charset=utf-8" />
  <meta name='ocr-system' content='tesseract 3.04.00' />
  <meta name='ocr-capabilities' content='ocr_page ocr_carea ocr_par ocr_line ocrx_word'/>
</head>
<body>
  <div class='ocr_page' id='page_1' title='image "./marciannaeiluca00bipogoog_0279.png"; bbox 0 0 2824 4880; ppageno 0'>
   <div class='ocr_carea' id='block_1_1' title="bbox 387 399 1306 495">
    <p class='ocr_par' dir='ltr' id='par_1_1' title="bbox 387 399 1306 495">
     <span class='ocr_line' id='line_1_1' title="bbox 387 399 1306 495; baseline 0.005 -25"><span class='ocrx_word' id='word_1_1' title='bbox 387 407 446 470; x_wconf 71' lang='lat' dir='ltr'>nr</span> <span class='ocrx_word' id='word_1_2' title='bbox 646 399 1092 472; x_wconf 74' lang='lat' dir='ltr'>entastnrtu</span> <span class='ocrx_word' id='word_1_3' title='bbox 1180 409 1306 495; x_wconf 54' lang='lat' dir='ltr'>cnr.</span> 
     </span>
    </p>
   </div>
   <div class='ocr_carea' id='block_1_2' title="bbox 373 549 1325 1709">
    <p class='ocr_par' dir='ltr' id='par_1_2' title="bbox 379 549 1325 836">
     <span class='ocr_line' id='line_1_2' title="bbox 382 549 1325 633; baseline 0.013 -20"><span class='ocrx_word' id='word_1_4' title='bbox 382 551 521 633; x_wconf 87' lang='lat' dir='ltr'>Iamque</span> <span class='ocrx_word' id='word_1_5' title='bbox 539 549 603 615; x_wconf 90' lang='lat' dir='ltr'>iter</span> <span class='ocrx_word' id='word_1_6' title='bbox 618 569 718 616; x_wconf 87' lang='lat' dir='ltr'>omne</span> <span class='ocrx_word' id='word_1_7' title='bbox 735 553 830 616; x_wconf 88' lang='lat' dir='ltr'>latet:</span> <span class='ocrx_word' id='word_1_8' title='bbox 844 575 907 618; x_wconf 88' lang='lat' dir='ltr'>nec</span> <span class='ocrx_word' id='word_1_9' title='bbox 924 561 1002 622; x_wconf 87' lang='lat' dir='ltr'>sunt</span> <span class='ocrx_word' id='word_1_10' title='bbox 1012 555 1206 622; x_wconf 86' lang='lat' dir='ltr'>discrimina</span> <span class='ocrx_word' id='word_1_11' title='bbox 1221 567 1325 624; x_wconf 85' lang='lat' dir='ltr'>terrae</span> 
     </span>
     <span class='ocr_line' id='line_1_3' title="bbox 380 657 1321 748; baseline 0.013 -28"><span class='ocrx_word' id='word_1_12' title='bbox 380 657 475 739; x_wconf 87' lang='lat' dir='ltr'>Ulla,</span> <span class='ocrx_word' id='word_1_13' title='bbox 486 657 550 721; x_wconf 89' lang='lat' dir='ltr'>nisi</span> <span class='ocrx_word' id='word_1_14' title='bbox 559 657 740 741; x_wconf 78' lang='lat' dir='ltr'>aetheriae,</span> <span class='ocrx_word' id='word_1_15' title='bbox 750 659 863 724; x_wconf 90' lang='lat' dir='ltr'>medio</span> <span class='ocrx_word' id='word_1_16' title='bbox 876 658 968 725; x_wconf 84' lang='lat' dir='ltr'>velut</span> <span class='ocrx_word' id='word_1_17' title='bbox 982 682 1144 748; x_wconf 85' lang='lat' dir='ltr'>aequore,</span> <span class='ocrx_word' id='word_1_18' title='bbox 1158 666 1321 732; x_wconf 79' lang='lat' dir='ltr'>flammae·</span> 
     </span>
     <span class='ocr_line' id='line_1_4' title="bbox 379 765 1093 836; baseline 0.007 -6"><span class='ocrx_word' id='word_1_19' title='bbox 379 765 548 832; x_wconf 75' lang='lat' dir='ltr'>Sideribus</span> <span class='ocrx_word' id='word_1_20' title='bbox 558 787 681 832; x_wconf 84' lang='lat' dir='ltr'>novere</span> <span class='ocrx_word' id='word_1_21' title='bbox 696 765 804 832; x_wconf 85' lang='lat' dir='ltr'>viam:</span> <span class='ocrx_word' id='word_1_22' title='bbox 823 789 886 834; x_wconf 87' lang='lat' dir='ltr'>nec</span> <span class='ocrx_word' id='word_1_23' title='bbox 896 769 1005 834; x_wconf 88' lang='lat' dir='ltr'>sidera</span> <span class='ocrx_word' id='word_1_24' title='bbox 1025 782 1093 836; x_wconf 84' lang='lat' dir='ltr'>tota</span> 
     </span>
    </p>

    <p class='ocr_par' dir='ltr' id='par_1_3' title="bbox 380 870 1089 959">
     <span class='ocr_line' id='line_1_5' title="bbox 380 870 1089 959; baseline 0.007 -23"><span class='ocrx_word' id='word_1_25' title='bbox 380 870 533 944; x_wconf 76' lang='lat' dir='ltr'>Ostendit</span> <span class='ocrx_word' id='word_1_26' title='bbox 544 873 692 956; x_wconf 81' lang='lat' dir='ltr'>Libycae</span> <span class='ocrx_word' id='word_1_27' title='bbox 705 871 817 938; x_wconf 87' lang='lat' dir='ltr'>finitor</span> <span class='ocrx_word' id='word_1_28' title='bbox 833 874 977 941; x_wconf 88' lang='lat' dir='ltr'>circulus</span> <span class='ocrx_word' id='word_1_29' title='bbox 992 896 1089 959; x_wconf 89' lang='lat' dir='ltr'>orae,</span> 
     </span>
    </p>

    <p class='ocr_par' dir='ltr' id='par_1_4' title="bbox 376 983 1274 1278">
     <span class='ocr_line' id='line_1_6' title="bbox 377 983 1274 1072; baseline 0.006 -26"><span class='ocrx_word' id='word_1_30' title='bbox 377 984 549 1064; x_wconf 86' lang='lat' dir='ltr'>Multaque</span> <span class='ocrx_word' id='word_1_31' title='bbox 566 983 692 1046; x_wconf 87' lang='lat' dir='ltr'>devexo</span> <span class='ocrx_word' id='word_1_32' title='bbox 704 992 868 1046; x_wconf 89' lang='lat' dir='ltr'>terrarum</span> <span class='ocrx_word' id='word_1_33' title='bbox 878 983 1031 1072; x_wconf 79' lang='lat' dir='ltr'>margine</span> <span class='ocrx_word' id='word_1_34' title='bbox 1044 988 1139 1051; x_wconf 88' lang='lat' dir='ltr'>celat.</span> <span class='ocrx_word' id='word_1_35' title='bbox 1267 1001 1274 1018; x_wconf 93' lang='grc'><em>·</em></span> 
     </span>
     <span class='ocr_line' id='line_1_7' title="bbox 377 1085 1266 1180; baseline 0.009 -28"><span class='ocrx_word' id='word_1_36' title='bbox 377 1091 487 1170; x_wconf 89' lang='lat' dir='ltr'>thue</span> <span class='ocrx_word' id='word_1_37' title='bbox 499 1089 589 1154; x_wconf 88' lang='lat' dir='ltr'>calor</span> <span class='ocrx_word' id='word_1_38' title='bbox 602 1085 713 1170; x_wconf 85' lang='lat' dir='ltr'>solvit,</span> <span class='ocrx_word' id='word_1_39' title='bbox 737 1107 837 1168; x_wconf 91' lang='lat' dir='ltr'>quem</span> <span class='ocrx_word' id='word_1_40' title='bbox 855 1098 1009 1172; x_wconf 85' lang='lat' dir='ltr'>torserat,</span> <span class='ocrx_word' id='word_1_41' title='bbox 1022 1095 1113 1174; x_wconf 76' lang='lat' dir='ltr'>ae&#39;ra,</span> <span class='ocrx_word' id='word_1_42' title='bbox 1130 1101 1266 1180; x_wconf 77' lang='lat' dir='ltr'>ventus,</span> 
     </span>
     <span class='ocr_line' id='line_1_8' title="bbox 376 1195 1179 1278; baseline 0.002 -16"><span class='ocrx_word' id='word_1_43' title='bbox 376 1200 598 1278; x_wconf 82' lang='lat' dir='ltr'>Incensusque</span> <span class='ocrx_word' id='word_1_44' title='bbox 609 1195 698 1278; x_wconf 89' lang='lat' dir='ltr'>dies,</span> <span class='ocrx_word' id='word_1_45' title='bbox 716 1206 855 1260; x_wconf 88' lang='lat' dir='ltr'>manant</span> <span class='ocrx_word' id='word_1_46' title='bbox 872 1197 1050 1264; x_wconf 86' lang='lat' dir='ltr'>sudoribus</span> <span class='ocrx_word' id='word_1_47' title='bbox 1069 1210 1179 1264; x_wconf 88' lang='lat' dir='ltr'>artus:</span> 
     </span>
    </p>

    <p class='ocr_par' dir='ltr' id='par_1_5' title="bbox 373 1301 1259 1709">
     <span class='ocr_line' id='line_1_9' title="bbox 376 1301 1201 1392; baseline -0.001 -23"><span class='ocrx_word' id='word_1_48' title='bbox 376 1307 480 1370; x_wconf 79' lang='lat' dir='ltr'>Arent</span> <span class='ocrx_word' id='word_1_49' title='bbox 497 1323 556 1366; x_wconf 89' lang='lat' dir='ltr'>ora</span> <span class='ocrx_word' id='word_1_50' title='bbox 572 1301 645 1366; x_wconf 87' lang='lat' dir='ltr'>siti:</span> <span class='ocrx_word' id='word_1_51' title='bbox 667 1312 844 1386; x_wconf 87' lang='lat' dir='ltr'>conspecta</span> <span class='ocrx_word' id='word_1_52' title='bbox 859 1315 907 1367; x_wconf 84' lang='lat' dir='ltr'>est</span> <span class='ocrx_word' id='word_1_53' title='bbox 926 1325 1030 1388; x_wconf 86' lang='lat' dir='ltr'>parva</span> <span class='ocrx_word' id='word_1_54' title='bbox 1051 1306 1201 1392; x_wconf 85' lang='lat' dir='ltr'>maligna</span> 
     </span>
     <span class='ocr_line' id='line_1_10' title="bbox 375 1403 1219 1493; baseline 0.001 -20"><span class='ocrx_word' id='word_1_55' title='bbox 375 1411 474 1474; x_wconf 91' lang='lat' dir='ltr'>Unda</span> <span class='ocrx_word' id='word_1_56' title='bbox 488 1409 605 1493; x_wconf 91' lang='lat' dir='ltr'>procul</span> <span class='ocrx_word' id='word_1_57' title='bbox 622 1427 725 1470; x_wconf 85' lang='lat' dir='ltr'>vena:</span> <span class='ocrx_word' id='word_1_58' title='bbox 745 1429 846 1489; x_wconf 86' lang='lat' dir='ltr'>quarn</span> <span class='ocrx_word' id='word_1_59' title='bbox 864 1407 921 1471; x_wconf 85' lang='lat' dir='ltr'>vix</span> <span class='ocrx_word' id='word_1_60' title='bbox 934 1430 953 1474; x_wconf 92' lang='lat' dir='ltr'>e</span> <span class='ocrx_word' id='word_1_61' title='bbox 966 1403 1105 1493; x_wconf 76' lang='lat' dir='ltr'>pulvere</span> <span class='ocrx_word' id='word_1_62' title='bbox 1122 1410 1219 1474; x_wconf 88' lang='lat' dir='ltr'>miles</span> 
     </span>
     <span class='ocr_line' id='line_1_11' title="bbox 376 1511 1259 1600; baseline -0.005 -21"><span class='ocrx_word' id='word_1_63' title='bbox 376 1513 581 1597; x_wconf 82' lang='lat' dir='ltr'>corripiens,</span> <span class='ocrx_word' id='word_1_64' title='bbox 596 1514 710 1600; x_wconf 84' lang='lat' dir='ltr'>galeae</span> <span class='ocrx_word' id='word_1_65' title='bbox 729 1533 915 1576; x_wconf 85' lang='lat' dir='ltr'>convexum</span> <span class='ocrx_word' id='word_1_66' title='bbox 933 1511 1057 1576; x_wconf 83' lang='lat' dir='ltr'>infudit</span> <span class='ocrx_word' id='word_1_67' title='bbox 1070 1511 1106 1575; x_wconf 93' lang='lat' dir='ltr'>in</span> <span class='ocrx_word' id='word_1_68' title='bbox 1125 1515 1259 1597; x_wconf 87' lang='lat' dir='ltr'>orbem,</span> 
     </span>
     <span class='ocr_line' id='line_1_12' title="bbox 373 1617 1212 1709; baseline 0 -26"><span class='ocrx_word' id='word_1_69' title='bbox 373 1619 591 1700; x_wconf 85' lang='lat' dir='ltr'>Porrexitque</span> <span class='ocrx_word' id='word_1_70' title='bbox 605 1617 693 1681; x_wconf 85' lang='lat' dir='ltr'>duci.</span> <span class='ocrx_word' id='word_1_71' title='bbox 714 1619 916 1700; x_wconf 85' lang='lat' dir='ltr'>Squalebant</span> <span class='ocrx_word' id='word_1_72' title='bbox 934 1621 1073 1702; x_wconf 90' lang='lat' dir='ltr'>pulvere</span> <span class='ocrx_word' id='word_1_73' title='bbox 1091 1619 1212 1709; x_wconf 84' lang='lat' dir='ltr'>sauces&#39;</span> 
     </span>
    </p>
   </div>
   <div class='ocr_carea' id='block_1_3' title="bbox 371 1721 1304 1910">
    <p class='ocr_par' dir='ltr' id='par_1_6' title="bbox 371 1721 1304 1910">
     <span class='ocr_line' id='line_1_13' title="bbox 374 1721 1304 1808; baseline 0.003 -20"><span class='ocrx_word' id='word_1_74' title='bbox 374 1727 597 1788; x_wconf 84' lang='lat' dir='ltr'>Cunctorum:</span> <span class='ocrx_word' id='word_1_75' title='bbox 612 1721 858 1803; x_wconf 90' lang='lat' dir='ltr'>minimumque</span> <span class='ocrx_word' id='word_1_76' title='bbox 872 1731 985 1788; x_wconf 86' lang='lat' dir='ltr'>tenens</span> <span class='ocrx_word' id='word_1_77' title='bbox 998 1725 1067 1786; x_wconf 83' lang='lat' dir='ltr'>dux</span> <span class='ocrx_word' id='word_1_78' title='bbox 1079 1723 1151 1808; x_wconf 89' lang='lat' dir='ltr'>ipse</span> <span class='ocrx_word' id='word_1_79' title='bbox 1165 1723 1304 1806; x_wconf 87' lang='lat' dir='ltr'>liquoris</span> 
     </span>
     <span class='ocr_line' id='line_1_14' title="bbox 371 1821 1207 1910; baseline 0.004 -24"><span class='ocrx_word' id='word_1_80' title='bbox 371 1822 559 1886; x_wconf 89' lang='lat' dir='ltr'>Invidiosus</span> <span class='ocrx_word' id='word_1_81' title='bbox 569 1831 650 1884; x_wconf 87' lang='lat' dir='ltr'>erat.</span> <span class='ocrx_word' id='word_1_82' title='bbox 662 1825 777 1905; x_wconf 84' lang='lat' dir='ltr'>Mene,</span> <span class='ocrx_word' id='word_1_83' title='bbox 794 1821 919 1906; x_wconf 89' lang='lat' dir='ltr'>inquit,</span> <span class='ocrx_word' id='word_1_84' title='bbox 939 1825 1084 1910; x_wconf 84' lang='lat' dir='ltr'>degener</span> <span class='ocrx_word' id='word_1_85' title='bbox 1099 1847 1207 1888; x_wconf 88' lang='lat' dir='ltr'>unum</span> 
     </span>
    </p>
   </div>
   <div class='ocr_carea' id='block_1_4' title="bbox 355 1915 1325 3922">
    <p class='ocr_par' dir='ltr' id='par_1_7' title="bbox 372 1915 1175 2014">
     <span class='ocr_line' id='line_1_15' title="bbox 372 1915 1175 2014; baseline -0.002 -20"><span class='ocrx_word' id='word_1_86' title='bbox 372 1929 468 1994; x_wconf 90' lang='lat' dir='ltr'>Miles</span> <span class='ocrx_word' id='word_1_87' title='bbox 482 1930 518 1992; x_wconf 93' lang='lat' dir='ltr'>in</span> <span class='ocrx_word' id='word_1_88' title='bbox 534 1931 597 1992; x_wconf 87' lang='lat' dir='ltr'>hac</span> <span class='ocrx_word' id='word_1_89' title='bbox 614 1931 711 1992; x_wconf 86' lang='lat' dir='ltr'>turba</span> <span class='ocrx_word' id='word_1_90' title='bbox 728 1949 871 1992; x_wconf 86' lang='lat' dir='ltr'>vacuum</span> <span class='ocrx_word' id='word_1_91' title='bbox 886 1928 1010 1993; x_wconf 86' lang='lat' dir='ltr'>virtute</span> <span class='ocrx_word' id='word_1_92' title='bbox 1026 1915 1175 2014; x_wconf 77' lang='lat' dir='ltr'>putasti?</span> 
     </span>
    </p>

    <p class='ocr_par' dir='ltr' id='par_1_8' title="bbox 371 2027 1237 2122">
     <span class='ocr_line' id='line_1_16' title="bbox 371 2027 1237 2122; baseline 0 -20"><span class='ocrx_word' id='word_1_93' title='bbox 371 2040 483 2122; x_wconf 88' lang='lat' dir='ltr'>Usque</span> <span class='ocrx_word' id='word_1_94' title='bbox 497 2040 580 2101; x_wconf 89' lang='lat' dir='ltr'>adeo</span> <span class='ocrx_word' id='word_1_95' title='bbox 596 2027 720 2120; x_wconf 86' lang='lat' dir='ltr'>mollis,</span> <span class='ocrx_word' id='word_1_96' title='bbox 740 2035 922 2120; x_wconf 85' lang='lat' dir='ltr'>primisque</span> <span class='ocrx_word' id='word_1_97' title='bbox 939 2036 1105 2102; x_wconf 86' lang='lat' dir='ltr'>caloribus</span> <span class='ocrx_word' id='word_1_98' title='bbox 1124 2037 1237 2122; x_wconf 86' lang='lat' dir='ltr'>impar</span> 
     </span>
    </p>

    <p class='ocr_par' dir='ltr' id='par_1_9' title="bbox 369 2133 1325 2226">
     <span class='ocr_line' id='line_1_17' title="bbox 369 2133 1325 2226; baseline -0.003 -22"><span class='ocrx_word' id='word_1_99' title='bbox 369 2143 451 2204; x_wconf 83' lang='lat' dir='ltr'>Sum</span> <span class='ocrx_word' id='word_1_100' title='bbox 462 2133 569 2206; x_wconf 76' lang='lat' dir='ltr'>visus?</span> <span class='ocrx_word' id='word_1_101' title='bbox 583 2151 708 2223; x_wconf 90' lang='lat' dir='ltr'>quanto</span> <span class='ocrx_word' id='word_1_102' title='bbox 723 2160 834 2226; x_wconf 88' lang='lat' dir='ltr'>poena</span> <span class='ocrx_word' id='word_1_103' title='bbox 850 2151 886 2203; x_wconf 89' lang='lat' dir='ltr'>tu</span> <span class='ocrx_word' id='word_1_104' title='bbox 904 2140 1040 2226; x_wconf 84' lang='lat' dir='ltr'>dignior</span> <span class='ocrx_word' id='word_1_105' title='bbox 1052 2142 1133 2225; x_wconf 89' lang='lat' dir='ltr'>ista,</span> <span class='ocrx_word' id='word_1_106' title='bbox 1224 2153 1227 2158; x_wconf 84' lang='lat'>&#39;</span> <span class='ocrx_word' id='word_1_107' title='bbox 1275 2139 1325 2203; x_wconf 80' lang='lat' dir='ltr'>tot</span> 
     </span>
    </p>

    <p class='ocr_par' dir='ltr' id='par_1_10' title="bbox 369 2247 1150 2336">
     <span class='ocr_line' id='line_1_18' title="bbox 369 2247 1150 2336; baseline 0.001 -25"><span class='ocrx_word' id='word_1_108' title='bbox 369 2248 437 2336; x_wconf 77' lang='lat' dir='ltr'>Qui</span> <span class='ocrx_word' id='word_1_109' title='bbox 450 2249 578 2332; x_wconf 93' lang='lat' dir='ltr'>populo</span> <span class='ocrx_word' id='word_1_110' title='bbox 592 2247 723 2312; x_wconf 88' lang='lat' dir='ltr'>sitiente</span> <span class='ocrx_word' id='word_1_111' title='bbox 736 2248 852 2312; x_wconf 88' lang='lat' dir='ltr'>bibasl</span> <span class='ocrx_word' id='word_1_112' title='bbox 871 2247 925 2310; x_wconf 89' lang='lat' dir='ltr'>Sic</span> <span class='ocrx_word' id='word_1_113' title='bbox 938 2248 1086 2313; x_wconf 85' lang='lat' dir='ltr'>concitus</span> <span class='ocrx_word' id='word_1_114' title='bbox 1099 2249 1150 2312; x_wconf 90' lang='lat' dir='ltr'>ira</span> 
     </span>
    </p>

    <p class='ocr_par' dir='ltr' id='par_1_11' title="bbox 367 2347 1298 2556">
     <span class='ocr_line' id='line_1_19' title="bbox 367 2347 1184 2440; baseline -0.002 -22"><span class='ocrx_word' id='word_1_115' title='bbox 367 2351 515 2418; x_wconf 61' lang='lat' dir='ltr'>haunit</span> <span class='ocrx_word' id='word_1_116' title='bbox 528 2351 674 2440; x_wconf 87' lang='lat' dir='ltr'>galeam,</span> <span class='ocrx_word' id='word_1_117' title='bbox 691 2347 895 2434; x_wconf 85' lang='lat' dir='ltr'>suffecitque·</span> <span class='ocrx_word' id='word_1_118' title='bbox 907 2352 1062 2417; x_wconf 89' lang='lat' dir='ltr'>omnibus</span> <span class='ocrx_word' id='word_1_119' title='bbox 1079 2356 1184 2420; x_wconf 85' lang='lat' dir='ltr'>unda.</span> 
     </span>
     <span class='ocr_line' id='line_1_20' title="bbox 407 2462 1298 2556; baseline -0.003 -26"><span class='ocrx_word' id='word_1_120' title='bbox 407 2464 554 2530; x_wconf 82' lang='lat' dir='ltr'>Ventum</span> <span class='ocrx_word' id='word_1_121' title='bbox 563 2469 633 2556; x_wconf 79' lang='lat' dir='ltr'>erat</span> <span class='ocrx_word' id='word_1_122' title='bbox 647 2463 692 2524; x_wconf 88' lang='lat' dir='ltr'>ad</span> <span class='ocrx_word' id='word_1_123' title='bbox 706 2463 881 2546; x_wconf 88' lang='lat' dir='ltr'>templum,</span> <span class='ocrx_word' id='word_1_124' title='bbox 896 2462 1033 2547; x_wconf 88' lang='lat' dir='ltr'>Libycis</span> <span class='ocrx_word' id='word_1_125' title='bbox 1046 2467 1136 2547; x_wconf 92' lang='lat' dir='ltr'>quod</span> <span class='ocrx_word' id='word_1_126' title='bbox 1146 2465 1298 2555; x_wconf 87' lang='lat' dir='ltr'>gentibus</span> 
     </span>
    </p>

    <p class='ocr_par' dir='ltr' id='par_1_12' title="bbox 920 2588 1028 2638">
     <span class='ocr_line' id='line_1_21' title="bbox 920 2588 1028 2638; baseline 0 -8"><span class='ocrx_word' id='word_1_127' title='bbox 920 2588 1028 2638; x_wconf 85' lang='lat' dir='ltr'>unum</span> 
     </span>
    </p>

    <p class='ocr_par' dir='ltr' id='par_1_13' title="bbox 365 2667 1222 2760">
     <span class='ocr_line' id='line_1_22' title="bbox 365 2667 1222 2760; baseline 0.007 -28"><span class='ocrx_word' id='word_1_128' title='bbox 365 2667 488 2732; x_wconf 83' lang='lat' dir='ltr'>Inculti</span> <span class='ocrx_word' id='word_1_129' title='bbox 506 2669 721 2756; x_wconf 79' lang='lat' dir='ltr'>Garamantes</span> <span class='ocrx_word' id='word_1_130' title='bbox 736 2669 879 2731; x_wconf 85' lang='lat' dir='ltr'>habent:</span> <span class='ocrx_word' id='word_1_131' title='bbox 898 2679 962 2760; x_wconf 82' lang='lat' dir='ltr'>stat</span> <span class='ocrx_word' id='word_1_132' title='bbox 977 2669 1133 2760; x_wconf 84' lang='lat' dir='ltr'>corniger</span> <span class='ocrx_word' id='word_1_133' title='bbox 1148 2671 1222 2738; x_wconf 84' lang='lat' dir='ltr'>illie</span> 
     </span>
    </p>

    <p class='ocr_par' dir='ltr' id='par_1_14' title="bbox 363 2774 1300 2863">
     <span class='ocr_line' id='line_1_23' title="bbox 363 2774 1300 2863; baseline 0.005 -23"><span class='ocrx_word' id='word_1_134' title='bbox 363 2774 503 2862; x_wconf 86' lang='lat' dir='ltr'>Iupiter,</span> <span class='ocrx_word' id='word_1_135' title='bbox 514 2784 553 2840; x_wconf 89' lang='lat' dir='ltr'>ut</span> <span class='ocrx_word' id='word_1_136' title='bbox 565 2784 770 2858; x_wconf 88' lang='lat' dir='ltr'>memorant,</span> <span class='ocrx_word' id='word_1_137' title='bbox 783 2777 922 2840; x_wconf 84' lang='lat' dir='ltr'>sednon</span> <span class='ocrx_word' id='word_1_138' title='bbox 936 2788 994 2841; x_wconf 86' lang='lat' dir='ltr'>aut</span> <span class='ocrx_word' id='word_1_139' title='bbox 1004 2779 1146 2842; x_wconf 85' lang='lat' dir='ltr'>lulmina</span> <span class='ocrx_word' id='word_1_140' title='bbox 1155 2780 1300 2863; x_wconf 78' lang='lat' dir='ltr'>vibrans,</span> 
     </span>
    </p>

    <p class='ocr_par' dir='ltr' id='par_1_15' title="bbox 363 2884 1250 2971">
     <span class='ocr_line' id='line_1_24' title="bbox 363 2884 1250 2971; baseline -0.003 -17"><span class='ocrx_word' id='word_1_141' title='bbox 363 2891 430 2954; x_wconf 83' lang='lat' dir='ltr'>Aut</span> <span class='ocrx_word' id='word_1_142' title='bbox 439 2886 557 2952; x_wconf 75' lang='lat' dir='ltr'>similIs</span> <span class='ocrx_word' id='word_1_143' title='bbox 567 2894 693 2968; x_wconf 89' lang='lat' dir='ltr'>nostro,</span> <span class='ocrx_word' id='word_1_144' title='bbox 710 2887 769 2948; x_wconf 90' lang='lat' dir='ltr'>sed</span> <span class='ocrx_word' id='word_1_145' title='bbox 780 2884 872 2954; x_wconf 86' lang='lat' dir='ltr'>tortls</span> <span class='ocrx_word' id='word_1_146' title='bbox 886 2884 1044 2950; x_wconf 89' lang='lat' dir='ltr'>cornibus</span> <span class='ocrx_word' id='word_1_147' title='bbox 1055 2889 1250 2971; x_wconf 84' lang='lat' dir='ltr'>Hammon.¹</span> 
     </span>
    </p>

    <p class='ocr_par' dir='ltr' id='par_1_16' title="bbox 362 2989 1103 3080">
     <span class='ocr_line' id='line_1_25' title="bbox 362 2989 1103 3080; baseline 0 -22"><span class='ocrx_word' id='word_1_148' title='bbox 362 2997 439 3058; x_wconf 88' lang='lat' dir='ltr'>Non</span> <span class='ocrx_word' id='word_1_149' title='bbox 453 2993 523 3058; x_wconf 91' lang='lat' dir='ltr'>illic</span> <span class='ocrx_word' id='word_1_150' title='bbox 538 2992 684 3075; x_wconf 85' lang='lat' dir='ltr'>Libycae</span> <span class='ocrx_word' id='word_1_151' title='bbox 695 3001 878 3074; x_wconf 90' lang='lat' dir='ltr'>posuerunt</span> <span class='ocrx_word' id='word_1_152' title='bbox 891 2989 974 3053; x_wconf 89' lang='lat' dir='ltr'>ditia</span> <span class='ocrx_word' id='word_1_153' title='bbox 988 3002 1103 3080; x_wconf 77' lang='lat' dir='ltr'>gentes</span> 
     </span>
    </p>

    <p class='ocr_par' dir='ltr' id='par_1_17' title="bbox 361 3097 1191 3186">
     <span class='ocr_line' id='line_1_26' title="bbox 361 3097 1191 3186; baseline -0.004 -21"><span class='ocrx_word' id='word_1_154' title='bbox 361 3102 517 3184; x_wconf 88' lang='lat' dir='ltr'>Templa,</span> <span class='ocrx_word' id='word_1_155' title='bbox 531 3119 593 3163; x_wconf 88' lang='lat' dir='ltr'>nec</span> <span class='ocrx_word' id='word_1_156' title='bbox 606 3097 682 3160; x_wconf 81' lang='lat' dir='ltr'>Eois</span> <span class='ocrx_word' id='word_1_157' title='bbox 692 3099 868 3181; x_wconf 87' lang='lat' dir='ltr'>splendent</span> <span class='ocrx_word' id='word_1_158' title='bbox 884 3099 1023 3162; x_wconf 87' lang='lat' dir='ltr'>donaria</span> <span class='ocrx_word' id='word_1_159' title='bbox 1039 3099 1191 3186; x_wconf 88' lang='lat' dir='ltr'>gemmis.</span> 
     </span>
    </p>

    <p class='ocr_par' dir='ltr' id='par_1_18' title="bbox 361 3199 1251 3290">
     <span class='ocr_line' id='line_1_27' title="bbox 361 3199 1251 3290; baseline 0 -22"><span class='ocrx_word' id='word_1_160' title='bbox 361 3203 521 3290; x_wconf 77' lang='lat' dir='ltr'>Quamvis</span> <span class='ocrx_word' id='word_1_161' title='bbox 533 3201 733 3284; x_wconf 81' lang='lat' dir='ltr'>Aethiopum</span> <span class='ocrx_word' id='word_1_162' title='bbox 748 3199 898 3284; x_wconf 88' lang='lat' dir='ltr'>populis,</span> <span class='ocrx_word' id='word_1_163' title='bbox 914 3203 1128 3284; x_wconf 85' lang='lat' dir='ltr'>Arabumque</span> <span class='ocrx_word' id='word_1_164' title='bbox 1145 3201 1251 3268; x_wconf 85' lang='lat' dir='ltr'>beatis</span> 
     </span>
    </p>

    <p class='ocr_par' dir='ltr' id='par_1_19' title="bbox 360 3305 1267 3396">
     <span class='ocr_line' id='line_1_28' title="bbox 360 3305 1267 3396; baseline -0.007 -23"><span class='ocrx_word' id='word_1_165' title='bbox 360 3311 537 3396; x_wconf 86' lang='lat' dir='ltr'>Gentibus,</span> <span class='ocrx_word' id='word_1_166' title='bbox 558 3317 656 3390; x_wconf 89' lang='lat' dir='ltr'>atque</span> <span class='ocrx_word' id='word_1_167' title='bbox 669 3305 761 3370; x_wconf 90' lang='lat' dir='ltr'>Indis</span> <span class='ocrx_word' id='word_1_168' title='bbox 780 3326 867 3370; x_wconf 91' lang='lat' dir='ltr'>unus</span> <span class='ocrx_word' id='word_1_169' title='bbox 880 3305 922 3376; x_wconf 87' lang='lat' dir='ltr'>sit</span> <span class='ocrx_word' id='word_1_170' title='bbox 936 3306 1063 3391; x_wconf 89' lang='lat' dir='ltr'>Iupiter</span> <span class='ocrx_word' id='word_1_171' title='bbox 1077 3309 1267 3391; x_wconf 71' lang='lat' dir='ltr'>Hammon,</span> 
     </span>
    </p>

    <p class='ocr_par' dir='ltr' id='par_1_20' title="bbox 359 3411 1239 3499">
     <span class='ocr_line' id='line_1_29' title="bbox 359 3411 1239 3499; baseline -0.003 -21"><span class='ocrx_word' id='word_1_172' title='bbox 359 3419 490 3499; x_wconf 88' lang='lat' dir='ltr'>Pauper</span> <span class='ocrx_word' id='word_1_173' title='bbox 500 3419 610 3480; x_wconf 88' lang='lat' dir='ltr'>adhuc</span> <span class='ocrx_word' id='word_1_174' title='bbox 621 3417 711 3478; x_wconf 90' lang='lat' dir='ltr'>Deus</span> <span class='ocrx_word' id='word_1_175' title='bbox 725 3423 784 3496; x_wconf 88' lang='lat' dir='ltr'>est,</span> <span class='ocrx_word' id='word_1_176' title='bbox 800 3411 902 3478; x_wconf 91' lang='lat' dir='ltr'>nullis</span> <span class='ocrx_word' id='word_1_177' title='bbox 911 3413 1036 3478; x_wconf 86' lang='lat' dir='ltr'>violata</span> <span class='ocrx_word' id='word_1_178' title='bbox 1048 3433 1110 3497; x_wconf 87' lang='lat' dir='ltr'>per</span> <span class='ocrx_word' id='word_1_179' title='bbox 1119 3431 1239 3476; x_wconf 83' lang='lat' dir='ltr'>aevum</span> 
     </span>
    </p>

    <p class='ocr_par' dir='ltr' id='par_1_21' title="bbox 357 3521 1171 3606">
     <span class='ocr_line' id='line_1_30' title="bbox 357 3521 1171 3606; baseline -0.001 -21"><span class='ocrx_word' id='word_1_180' title='bbox 357 3521 489 3586; x_wconf 87' lang='lat' dir='ltr'>Divitiis</span> <span class='ocrx_word' id='word_1_181' title='bbox 501 3525 641 3588; x_wconf 89' lang='lat' dir='ltr'>delubra</span> <span class='ocrx_word' id='word_1_182' title='bbox 652 3534 786 3588; x_wconf 87' lang='lat' dir='ltr'>tenens:</span> <span class='ocrx_word' id='word_1_183' title='bbox 800 3541 1000 3606; x_wconf 90' lang='lat' dir='ltr'>morumque</span> <span class='ocrx_word' id='word_1_184' title='bbox 1016 3521 1171 3606; x_wconf 89' lang='lat' dir='ltr'>priorum</span> 
     </span>
    </p>

    <p class='ocr_par' dir='ltr' id='par_1_22' title="bbox 356 3626 1161 3714">
     <span class='ocr_line' id='line_1_31' title="bbox 356 3626 1161 3714; baseline -0.004 -22"><span class='ocrx_word' id='word_1_185' title='bbox 356 3630 489 3714; x_wconf 88' lang='lat' dir='ltr'>Numen</span> <span class='ocrx_word' id='word_1_186' title='bbox 500 3631 653 3693; x_wconf 86' lang='lat' dir='ltr'>Romano</span> <span class='ocrx_word' id='word_1_187' title='bbox 671 3630 833 3714; x_wconf 87' lang='lat' dir='ltr'>templum</span> <span class='ocrx_word' id='word_1_188' title='bbox 849 3626 996 3693; x_wconf 79' lang='lat' dir='ltr'>defendit</span> <span class='ocrx_word' id='word_1_189' title='bbox 1010 3629 1053 3692; x_wconf 89' lang='lat' dir='ltr'>ab</span> <span class='ocrx_word' id='word_1_190' title='bbox 1064 3645 1161 3695; x_wconf 79' lang='lat' dir='ltr'>aum.</span> 
     </span>
    </p>

    <p class='ocr_par' dir='ltr' id='par_1_23' title="bbox 355 3731 1151 3823">
     <span class='ocr_line' id='line_1_32' title="bbox 355 3731 1151 3823; baseline 0 -27"><span class='ocrx_word' id='word_1_191' title='bbox 355 3733 433 3798; x_wconf 78' lang='lat' dir='ltr'>Esse</span> <span class='ocrx_word' id='word_1_192' title='bbox 444 3731 525 3797; x_wconf 88' lang='lat' dir='ltr'>locis</span> <span class='ocrx_word' id='word_1_193' title='bbox 536 3734 678 3823; x_wconf 87' lang='lat' dir='ltr'>Superos</span> <span class='ocrx_word' id='word_1_194' title='bbox 692 3744 828 3798; x_wconf 88' lang='lat' dir='ltr'>testatur</span> <span class='ocrx_word' id='word_1_195' title='bbox 840 3733 924 3799; x_wconf 82' lang='lat' dir='ltr'>silva</span> <span class='ocrx_word' id='word_1_196' title='bbox 936 3755 997 3817; x_wconf 92' lang='lat' dir='ltr'>per</span> <span class='ocrx_word' id='word_1_197' title='bbox 1013 3751 1151 3796; x_wconf 89' lang='lat' dir='ltr'>omnem</span> 
     </span>
    </p>

    <p class='ocr_par' dir='ltr' id='par_1_24' title="bbox 355 3833 1228 3922">
     <span class='ocr_line' id='line_1_33' title="bbox 355 3833 1228 3922; baseline 0 -22"><span class='ocrx_word' id='word_1_198' title='bbox 355 3837 433 3901; x_wconf 82' lang='lat' dir='ltr'>Sola</span> <span class='ocrx_word' id='word_1_199' title='bbox 443 3835 554 3906; x_wconf 85' lang='lat' dir='ltr'>virens</span> <span class='ocrx_word' id='word_1_200' title='bbox 564 3835 706 3922; x_wconf 81' lang='lat' dir='ltr'>Libyen.</span> <span class='ocrx_word' id='word_1_201' title='bbox 719 3839 805 3902; x_wconf 89' lang='lat' dir='ltr'>Nam</span> <span class='ocrx_word' id='word_1_202' title='bbox 815 3836 980 3920; x_wconf 88' lang='lat' dir='ltr'>quidquid</span> <span class='ocrx_word' id='word_1_203' title='bbox 988 3837 1128 3921; x_wconf 82' lang='lat' dir='ltr'>pulvere</span> <span class='ocrx_word' id='word_1_204' title='bbox 1139 3833 1228 3902; x_wconf 84' lang='lat' dir='ltr'>sicco</span> 
     </span>
    </p>
   </div>
   <div class='ocr_carea' id='block_1_5' title="bbox 0 0 1416 4880">
    <p class='ocr_par' dir='ltr' id='par_1_25' title="bbox 0 0 1416 4880">
     <span class='ocr_line' id='line_1_34' title="bbox 0 0 1416 4880; baseline 0 10"><span class='ocrx_word' id='word_1_205' title='bbox 0 0 1416 4880; x_wconf 95' lang='lat' dir='ltr'> </span> 
     </span>
    </p>
   </div>
  </div>
 </body>
</html>
