<?xml version="1.0" encoding="UTF-8"?>
<!DOCTYPE html PUBLIC "-//W3C//DTD XHTML 1.0 Transitional//EN"
    "http://www.w3.org/TR/xhtml1/DTD/xhtml1-transitional.dtd">
<html xmlns="http://www.w3.org/1999/xhtml" xml:lang="en" lang="en">
 <head>
  <title>
</title>
<meta http-equiv="Content-Type" content="text/html;charset=utf-8" />
  <meta name='ocr-system' content='tesseract 3.04.00' />
  <meta name='ocr-capabilities' content='ocr_page ocr_carea ocr_par ocr_line ocrx_word'/>
</head>
<body>
  <div class='ocr_page' id='page_1' title='image "./marciannaeiluca00bipogoog_0094.png"; bbox 0 0 2788 4880; ppageno 0'>
   <div class='ocr_carea' id='block_1_1' title="bbox 331 313 1043 456">
    <p class='ocr_par' dir='ltr' id='par_1_1' title="bbox 331 313 1043 456">
     <span class='ocr_line' id='line_1_1' title="bbox 331 313 1043 456; baseline 0.011 -22"><span class='ocrx_word' id='word_1_1' title='bbox 331 365 538 434; x_wconf 75' lang='lat' dir='ltr'>LIBER</span> <span class='ocrx_word' id='word_1_2' title='bbox 577 369 632 436; x_wconf 88' lang='lat'><strong>11.</strong></span> <span class='ocrx_word' id='word_1_3' title='bbox 672 313 800 442; x_wconf 69' lang='lat' dir='ltr'><strong>nass.</strong></span> <span class='ocrx_word' id='word_1_4' title='bbox 1003 383 1043 456; x_wconf 72' lang='lat' dir='ltr'><strong>tl</strong></span> 
     </span>
    </p>
   </div>
   <div class='ocr_carea' id='block_1_2' title="bbox 10 495 982 810">
    <p class='ocr_par' dir='ltr' id='par_1_2' title="bbox 10 495 982 810">
     <span class='ocr_line' id='line_1_2' title="bbox 10 495 847 592; baseline 0.013 -21"><span class='ocrx_word' id='word_1_5' title='bbox 10 509 11 540; x_wconf 35' lang='lat' dir='ltr'><strong>l</strong></span> <span class='ocrx_word' id='word_1_6' title='bbox 75 505 251 592; x_wconf 75' lang='lat' dir='ltr'>Degener?</span> <span class='ocrx_word' id='word_1_7' title='bbox 262 504 300 574; x_wconf 89' lang='lat' dir='ltr'><strong>ln</strong></span> <span class='ocrx_word' id='word_1_8' title='bbox 317 502 446 577; x_wconf 84' lang='lat' dir='ltr'><strong>medios</strong></span> <span class='ocrx_word' id='word_1_9' title='bbox 461 509 545 580; x_wconf 86' lang='lat' dir='ltr'><strong>belli</strong></span> <span class='ocrx_word' id='word_1_10' title='bbox 559 531 630 580; x_wconf 88' lang='lat' dir='ltr'><strong>non</strong></span> <span class='ocrx_word' id='word_1_11' title='bbox 646 513 698 582; x_wconf 85' lang='lat' dir='ltr'><strong>ire</strong></span> <span class='ocrx_word' id='word_1_12' title='bbox 716 495 847 586; x_wconf 69' lang='lat' dir='ltr'><strong>tumre</strong></span> 
     </span>
     <span class='ocr_line' id='line_1_3' title="bbox 74 615 982 706; baseline 0.018 -27"><span class='ocrx_word' id='word_1_13' title='bbox 74 615 275 680; x_wconf 87' lang='lat' dir='ltr'><strong>Iamdudum</strong></span> <span class='ocrx_word' id='word_1_14' title='bbox 286 617 449 686; x_wconf 80' lang='lat' dir='ltr'><strong>moriture</strong></span> <span class='ocrx_word' id='word_1_15' title='bbox 466 620 588 702; x_wconf 78' lang='lat' dir='ltr'><strong>paras?</strong></span> <span class='ocrx_word' id='word_1_16' title='bbox 606 641 667 690; x_wconf 89' lang='lat' dir='ltr'><strong>rue</strong></span> <span class='ocrx_word' id='word_1_17' title='bbox 681 633 809 706; x_wconf 86' lang='lat' dir='ltr'><strong>certus,</strong></span> <span class='ocrx_word' id='word_1_18' title='bbox 823 637 856 688; x_wconf 86' lang='lat' dir='ltr'><strong>et</strong></span> <span class='ocrx_word' id='word_1_19' title='bbox 866 643 982 696; x_wconf 80' lang='lat' dir='ltr'><strong>omnes</strong></span> 
     </span>
     <span class='ocr_line' id='line_1_4' title="bbox 10 715 922 810; baseline 0.015 -32"><span class='ocrx_word' id='word_1_20' title='bbox 10 735 11 748; x_wconf 56' lang='lat'>¹</span> <span class='ocrx_word' id='word_1_21' title='bbox 74 715 170 807; x_wconf 76' lang='lat' dir='ltr'><strong>Lucis</strong></span> <span class='ocrx_word' id='word_1_22' title='bbox 180 738 300 801; x_wconf 79' lang='lat' dir='ltr'><strong>rumpe</strong></span> <span class='ocrx_word' id='word_1_23' title='bbox 312 739 438 802; x_wconf 81' lang='lat' dir='ltr'><strong>moras,</strong></span> <span class='ocrx_word' id='word_1_24' title='bbox 451 731 485 784; x_wconf 89' lang='lat' dir='ltr'><strong>et</strong></span> <span class='ocrx_word' id='word_1_25' title='bbox 498 721 645 788; x_wconf 78' lang='lat' dir='ltr'>Caesaris</span> <span class='ocrx_word' id='word_1_26' title='bbox 660 719 772 810; x_wconf 83' lang='lat' dir='ltr'><strong>effuge</strong></span> <span class='ocrx_word' id='word_1_27' title='bbox 790 746 922 795; x_wconf 84' lang='lat' dir='ltr'><strong>munus.</strong></span> 
     </span>
    </p>
   </div>
   <div class='ocr_carea' id='block_1_3' title="bbox 9 823 1043 3874">
    <p class='ocr_par' dir='ltr' id='par_1_3' title="bbox 9 823 1043 3874">
     <span class='ocr_line' id='line_1_5' title="bbox 112 823 885 916; baseline 0.017 -31"><span class='ocrx_word' id='word_1_28' title='bbox 112 823 251 890; x_wconf 76' lang='lat' dir='ltr'><strong>Nescius</strong></span> <span class='ocrx_word' id='word_1_29' title='bbox 263 825 390 894; x_wconf 84' lang='lat' dir='ltr'><strong>interea</strong></span> <span class='ocrx_word' id='word_1_30' title='bbox 404 827 491 910; x_wconf 85' lang='lat' dir='ltr'><strong>eapti</strong></span> <span class='ocrx_word' id='word_1_31' title='bbox 508 829 602 892; x_wconf 85' lang='lat' dir='ltr'><strong>duois</strong></span> <span class='ocrx_word' id='word_1_32' title='bbox 618 850 714 896; x_wconf 86' lang='lat' dir='ltr'><strong>arma</strong></span> <span class='ocrx_word' id='word_1_33' title='bbox 725 835 866 916; x_wconf 88' lang='lat' dir='ltr'><strong>parabat</strong></span> <span class='ocrx_word' id='word_1_34' title='bbox 882 881 885 888; x_wconf 79' lang='lat'><em>-</em></span> 
     </span>
     <span class='ocr_line' id='line_1_6' title="bbox 76 929 883 1018; baseline 0.012 -27"><span class='ocrx_word' id='word_1_35' title='bbox 76 929 230 1014; x_wconf 81' lang='lat' dir='ltr'><strong>Magnus,</strong></span> <span class='ocrx_word' id='word_1_36' title='bbox 249 940 286 994; x_wconf 88' lang='lat' dir='ltr'><strong>ut</strong></span> <span class='ocrx_word' id='word_1_37' title='bbox 299 929 447 996; x_wconf 79' lang='lat' dir='ltr'><strong>admixto</strong></span> <span class='ocrx_word' id='word_1_38' title='bbox 463 929 610 1004; x_wconf 79' lang='lat' dir='ltr'><strong>firmaret</strong></span> <span class='ocrx_word' id='word_1_39' title='bbox 626 935 748 998; x_wconf 87' lang='lat' dir='ltr'>robore</span> <span class='ocrx_word' id='word_1_40' title='bbox 763 947 883 1018; x_wconf 85' lang='lat' dir='ltr'><strong>partes.</strong></span> 
     </span>
     <span class='ocr_line' id='line_1_7' title="bbox 76 1031 873 1122; baseline 0.008 -26"><span class='ocrx_word' id='word_1_41' title='bbox 76 1032 212 1112; x_wconf 84' lang='lat' dir='ltr'><strong>Iamque</strong></span> <span class='ocrx_word' id='word_1_42' title='bbox 229 1041 384 1096; x_wconf 86' lang='lat' dir='ltr'><strong>secuturo</strong></span> <span class='ocrx_word' id='word_1_43' title='bbox 404 1031 552 1098; x_wconf 88' lang='lat' dir='ltr'><strong>iussurus</strong></span> <span class='ocrx_word' id='word_1_44' title='bbox 566 1033 702 1098; x_wconf 84' lang='lat' dir='ltr'><strong>classica</strong></span> <span class='ocrx_word' id='word_1_45' title='bbox 718 1037 873 1122; x_wconf 83' lang='lat' dir='ltr'>Phoebo,</span> 
     </span>
     <span class='ocr_line' id='line_1_8' title="bbox 78 1140 808 1226; baseline 0.008 -26"><span class='ocrx_word' id='word_1_46' title='bbox 78 1140 328 1222; x_wconf 74' lang='lat' dir='ltr'><strong>Tentandasque</strong></span> <span class='ocrx_word' id='word_1_47' title='bbox 339 1149 430 1206; x_wconf 85' lang='lat' dir='ltr'><strong>ratus</strong></span> <span class='ocrx_word' id='word_1_48' title='bbox 449 1140 574 1206; x_wconf 87' lang='lat' dir='ltr'><strong>moturi</strong></span> <span class='ocrx_word' id='word_1_49' title='bbox 586 1141 703 1208; x_wconf 86' lang='lat' dir='ltr'><strong>militis</strong></span> <span class='ocrx_word' id='word_1_50' title='bbox 722 1141 808 1226; x_wconf 85' lang='lat' dir='ltr'><strong>iras,</strong></span> 
     </span>
     <span class='ocr_line' id='line_1_9' title="bbox 9 1241 893 1325; baseline 0.003 -17"><span class='ocrx_word' id='word_1_51' title='bbox 9 1241 10 1246; x_wconf 69' lang='grc'>’</span> <span class='ocrx_word' id='word_1_52' title='bbox 80 1243 275 1325; x_wconf 79' lang='lat' dir='ltr'>Adloquitur</span> <span class='ocrx_word' id='word_1_53' title='bbox 289 1244 403 1308; x_wconf 89' lang='lat' dir='ltr'><strong>taoitas</strong></span> <span class='ocrx_word' id='word_1_54' title='bbox 413 1247 607 1310; x_wconf 41' lang='lat' dir='ltr'><strong>*veneranda</strong></span> <span class='ocrx_word' id='word_1_55' title='bbox 623 1266 705 1312; x_wconf 83' lang='lat' dir='ltr'><strong>voce</strong></span> <span class='ocrx_word' id='word_1_56' title='bbox 722 1251 893 1314; x_wconf 74' lang='lat' dir='ltr'><strong>cohortes:</strong></span> 
     </span>
     <span class='ocr_line' id='line_1_10' title="bbox 9 1347 904 1442; baseline 0.009 -32"><span class='ocrx_word' id='word_1_57' title='bbox 9 1435 10 1442; x_wconf 6' lang='grc' dir='ltr'>ἵ</span> <span class='ocrx_word' id='word_1_58' title='bbox 81 1347 282 1414; x_wconf 87' lang='lat' dir='ltr'><strong>Oseelerum</strong></span> <span class='ocrx_word' id='word_1_59' title='bbox 296 1351 439 1433; x_wconf 87' lang='lat' dir='ltr'><strong>ultores,</strong></span> <span class='ocrx_word' id='word_1_60' title='bbox 450 1351 655 1434; x_wconf 80' lang='lat' dir='ltr'><strong>melioraque</strong></span> <span class='ocrx_word' id='word_1_61' title='bbox 668 1352 764 1440; x_wconf 80' lang='lat' dir='ltr'><strong>signa</strong></span> <span class='ocrx_word' id='word_1_62' title='bbox 779 1349 904 1440; x_wconf 87' lang='lat' dir='ltr'><strong>secuti,</strong></span> 
     </span>
     <span class='ocr_line' id='line_1_11' title="bbox 82 1452 954 1536; baseline 0.01 -24"><span class='ocrx_word' id='word_1_63' title='bbox 82 1452 111 1512; x_wconf 94' lang='lat'>0</span> <span class='ocrx_word' id='word_1_64' title='bbox 122 1455 360 1520; x_wconf 78' lang='lat' dir='ltr'><strong>vereltomana</strong></span> <span class='ocrx_word' id='word_1_65' title='bbox 376 1473 495 1520; x_wconf 86' lang='lat' dir='ltr'><strong>manus</strong></span> <span class='ocrx_word' id='word_1_66' title='bbox 504 1498 514 1535; x_wconf 90' lang='lat'>‚</span> <span class='ocrx_word' id='word_1_67' title='bbox 527 1453 649 1536; x_wconf 87' lang='lat' dir='ltr'><strong>quihus</strong></span> <span class='ocrx_word' id='word_1_68' title='bbox 665 1473 759 1516; x_wconf 83' lang='lat' dir='ltr'><strong>erma</strong></span> <span class='ocrx_word' id='word_1_69' title='bbox 772 1455 912 1520; x_wconf 87' lang='lat' dir='ltr'><strong>Senatus</strong></span> <span class='ocrx_word' id='word_1_70' title='bbox 950 1471 954 1480; x_wconf 89' lang='grc'><strong>“</strong></span> 
     </span>
     <span class='ocr_line' id='line_1_12' title="bbox 81 1559 878 1648; baseline 0.001 -22"><span class='ocrx_word' id='word_1_71' title='bbox 81 1561 150 1630; x_wconf 85' lang='lat' dir='ltr'><strong>Non</strong></span> <span class='ocrx_word' id='word_1_72' title='bbox 165 1561 296 1642; x_wconf 84' lang='lat' dir='ltr'><strong>privata</strong></span> <span class='ocrx_word' id='word_1_73' title='bbox 309 1560 418 1643; x_wconf 87' lang='lat' dir='ltr'><strong>dedit,</strong></span> <span class='ocrx_word' id='word_1_74' title='bbox 432 1559 516 1637; x_wconf 87' lang='lat' dir='ltr'><strong>votis</strong></span> <span class='ocrx_word' id='word_1_75' title='bbox 536 1559 704 1644; x_wconf 81' lang='lat' dir='ltr'><strong>deposcite</strong></span> <span class='ocrx_word' id='word_1_76' title='bbox 716 1581 878 1648; x_wconf 77' lang='lat' dir='ltr'><strong>pugnem.</strong></span> 
     </span>
     <span class='ocr_line' id='line_1_13' title="bbox 9 1665 820 1756; baseline -0.005 -25"><span class='ocrx_word' id='word_1_77' title='bbox 9 1753 10 1756; x_wconf 8' lang='grc' dir='ltr'><strong>Ἴ</strong></span> <span class='ocrx_word' id='word_1_78' title='bbox 82 1667 199 1732; x_wconf 79' lang='lat' dir='ltr'><strong>Ardent</strong></span> <span class='ocrx_word' id='word_1_79' title='bbox 213 1665 367 1752; x_wconf 82' lang='lat' dir='ltr'><strong>Hesperii</strong></span> <span class='ocrx_word' id='word_1_80' title='bbox 380 1665 486 1732; x_wconf 85' lang='lat' dir='ltr'><strong>saevis</strong></span> <span class='ocrx_word' id='word_1_81' title='bbox 501 1665 716 1751; x_wconf 83' lang='lat' dir='ltr'><strong>populatibus</strong></span> <span class='ocrx_word' id='word_1_82' title='bbox 726 1667 820 1754; x_wconf 81' lang='lat' dir='ltr'><strong>agri:</strong></span> 
     </span>
     <span class='ocr_line' id='line_1_14' title="bbox 83 1768 865 1858; baseline -0.003 -18"><span class='ocrx_word' id='word_1_83' title='bbox 83 1771 207 1840; x_wconf 75' lang='lat' dir='ltr'><strong>Gallina</strong></span> <span class='ocrx_word' id='word_1_84' title='bbox 219 1793 282 1855; x_wconf 79' lang='lat' dir='ltr'><strong>per</strong></span> <span class='ocrx_word' id='word_1_85' title='bbox 290 1771 416 1858; x_wconf 81' lang='lat' dir='ltr'><strong>gelidas</strong></span> <span class='ocrx_word' id='word_1_86' title='bbox 430 1771 540 1838; x_wconf 83' lang='lat' dir='ltr'><strong>rabies</strong></span> <span class='ocrx_word' id='word_1_87' title='bbox 551 1768 735 1840; x_wconf 84' lang='lat' dir='ltr'><strong>effunditur</strong></span> <span class='ocrx_word' id='word_1_88' title='bbox 747 1773 865 1858; x_wconf 72' lang='lat' dir='ltr'><strong>Alpe:</strong></span> 
     </span>
     <span class='ocr_line' id='line_1_15' title="bbox 82 1880 850 1969; baseline 0.003 -25"><span class='ocrx_word' id='word_1_89' title='bbox 82 1880 148 1944; x_wconf 87' lang='lat' dir='ltr'><strong>Iam</strong></span> <span class='ocrx_word' id='word_1_90' title='bbox 161 1881 267 1969; x_wconf 82' lang='lat' dir='ltr'><strong>tetigit</strong></span> <span class='ocrx_word' id='word_1_91' title='bbox 279 1882 413 1968; x_wconf 78' lang='lat' dir='ltr'><strong>sanguis</strong></span> <span class='ocrx_word' id='word_1_92' title='bbox 424 1883 571 1966; x_wconf 87' lang='lat' dir='ltr'><strong>pollutos</strong></span> <span class='ocrx_word' id='word_1_93' title='bbox 589 1882 734 1948; x_wconf 78' lang='lat' dir='ltr'>Caesaris</span> <span class='ocrx_word' id='word_1_94' title='bbox 747 1901 850 1952; x_wconf 73' lang='lat' dir='ltr'><strong>emes.</strong></span> 
     </span>
     <span class='ocr_line' id='line_1_16' title="bbox 28 1979 927 2072; baseline 0.002 -22"><span class='ocrx_word' id='word_1_95' title='bbox 28 2033 29 2038; x_wconf 19' lang='grc' dir='ltr'>η</span> <span class='ocrx_word' id='word_1_96' title='bbox 82 1979 121 2050; x_wconf 87' lang='lat' dir='ltr'><strong>Di</strong></span> <span class='ocrx_word' id='word_1_97' title='bbox 134 1987 271 2052; x_wconf 83' lang='lat' dir='ltr'><strong>melius!</strong></span> <span class='ocrx_word' id='word_1_98' title='bbox 289 1987 371 2052; x_wconf 92' lang='lat' dir='ltr'><strong>belli</strong></span> <span class='ocrx_word' id='word_1_99' title='bbox 386 1987 522 2054; x_wconf 88' lang='lat' dir='ltr'><strong>tulimus</strong></span> <span class='ocrx_word' id='word_1_100' title='bbox 538 1990 631 2070; x_wconf 88' lang='lat' dir='ltr'><strong>quod</strong></span> <span class='ocrx_word' id='word_1_101' title='bbox 644 1990 768 2060; x_wconf 81' lang='lat' dir='ltr'><strong>damna</strong></span> <span class='ocrx_word' id='word_1_102' title='bbox 787 1989 927 2072; x_wconf 83' lang='lat' dir='ltr'><strong>priores.</strong></span> 
     </span>
     <span class='ocr_line' id='line_1_17' title="bbox 84 2091 1041 2182; baseline -0.006 -22"><span class='ocrx_word' id='word_1_103' title='bbox 84 2093 229 2182; x_wconf 81' lang='lat' dir='ltr'>Coeperit</span> <span class='ocrx_word' id='word_1_104' title='bbox 240 2093 321 2160; x_wconf 84' lang='lat' dir='ltr'><strong>inde</strong></span> <span class='ocrx_word' id='word_1_105' title='bbox 339 2093 442 2162; x_wconf 80' lang='lat' dir='ltr'><strong>netas.</strong></span> <span class='ocrx_word' id='word_1_106' title='bbox 457 2095 528 2161; x_wconf 84' lang='lat' dir='ltr'><strong>Iam</strong></span> <span class='ocrx_word' id='word_1_107' title='bbox 541 2094 610 2162; x_wconf 89' lang='lat' dir='ltr'><strong>iarn</strong></span> <span class='ocrx_word' id='word_1_108' title='bbox 622 2115 677 2159; x_wconf 87' lang='lat' dir='ltr'><strong>me</strong></span> <span class='ocrx_word' id='word_1_109' title='bbox 691 2091 844 2176; x_wconf 75' lang='lat' dir='ltr'><strong>praeside</strong></span> <span class='ocrx_word' id='word_1_110' title='bbox 855 2095 964 2158; x_wconf 84' lang='lat' dir='ltr'><strong>Roma</strong></span> <span class='ocrx_word' id='word_1_111' title='bbox 982 2093 1041 2156; x_wconf 79' lang='lat'><strong>638</strong></span> 
     </span>
     <span class='ocr_line' id='line_1_18' title="bbox 84 2199 1041 2295; baseline 0 -31"><span class='ocrx_word' id='word_1_112' title='bbox 84 2201 284 2288; x_wconf 79' lang='lat' dir='ltr'><strong>Supplicium</strong></span> <span class='ocrx_word' id='word_1_113' title='bbox 292 2223 501 2295; x_wconf 70' lang='lat' dir='ltr'><strong>poenamque</strong></span> <span class='ocrx_word' id='word_1_114' title='bbox 510 2212 609 2286; x_wconf 84' lang='lat' dir='ltr'><strong>petat.</strong></span> <span class='ocrx_word' id='word_1_115' title='bbox 627 2205 742 2282; x_wconf 82' lang='lat' dir='ltr'><strong>Neque</strong></span> <span class='ocrx_word' id='word_1_116' title='bbox 752 2200 843 2264; x_wconf 89' lang='lat' dir='ltr'><strong>enim</strong></span> <span class='ocrx_word' id='word_1_117' title='bbox 856 2200 918 2266; x_wconf 86' lang='lat' dir='ltr'><strong>ista</strong></span> <span class='ocrx_word' id='word_1_118' title='bbox 929 2199 1041 2270; x_wconf 81' lang='lat' dir='ltr'><strong>vocari</strong></span> 
     </span>
     <span class='ocr_line' id='line_1_19' title="bbox 84 2307 1043 2394; baseline -0.006 -18"><span class='ocrx_word' id='word_1_119' title='bbox 84 2311 204 2376; x_wconf 84' lang='lat' dir='ltr'><strong>Proelia</strong></span> <span class='ocrx_word' id='word_1_120' title='bbox 216 2311 302 2375; x_wconf 84' lang='lat' dir='ltr'><strong>iusta</strong></span> <span class='ocrx_word' id='word_1_121' title='bbox 316 2313 425 2392; x_wconf 85' lang='lat' dir='ltr'><strong>decet,</strong></span> <span class='ocrx_word' id='word_1_122' title='bbox 440 2311 568 2394; x_wconf 82' lang='lat' dir='ltr'><strong>patriae</strong></span> <span class='ocrx_word' id='word_1_123' title='bbox 581 2312 641 2376; x_wconf 88' lang='lat' dir='ltr'><strong>sed</strong></span> <span class='ocrx_word' id='word_1_124' title='bbox 657 2309 801 2374; x_wconf 80' lang='lat' dir='ltr'><strong>vindicis</strong></span> <span class='ocrx_word' id='word_1_125' title='bbox 815 2307 912 2372; x_wconf 83' lang='lat' dir='ltr'><strong>iram.</strong></span> <span class='ocrx_word' id='word_1_126' title='bbox 1037 2318 1043 2336; x_wconf 78' lang='lat'>‘</span> 
     </span>
     <span class='ocr_line' id='line_1_20' title="bbox 85 2409 1041 2504; baseline -0.002 -28"><span class='ocrx_word' id='word_1_127' title='bbox 85 2417 143 2480; x_wconf 87' lang='lat' dir='ltr'><strong>Neo</strong></span> <span class='ocrx_word' id='word_1_128' title='bbox 151 2417 255 2504; x_wconf 74' lang='lat' dir='ltr'><strong>magis</strong></span> <span class='ocrx_word' id='word_1_129' title='bbox 265 2420 334 2482; x_wconf 89' lang='lat' dir='ltr'><strong>hoo</strong></span> <span class='ocrx_word' id='word_1_130' title='bbox 342 2419 469 2482; x_wconf 85' lang='lat' dir='ltr'><strong>bellurn</strong></span> <span class='ocrx_word' id='word_1_131' title='bbox 482 2429 544 2499; x_wconf 88' lang='lat' dir='ltr'><strong>est,</strong></span> <span class='ocrx_word' id='word_1_132' title='bbox 558 2436 660 2498; x_wconf 89' lang='lat' dir='ltr'><strong>quam</strong></span> <span class='ocrx_word' id='word_1_133' title='bbox 672 2436 748 2478; x_wconf 88' lang='lat' dir='ltr'><strong>cum</strong></span> <span class='ocrx_word' id='word_1_134' title='bbox 759 2413 901 2480; x_wconf 80' lang='lat' dir='ltr'><strong>Catilina</strong></span> <span class='ocrx_word' id='word_1_135' title='bbox 910 2409 1041 2496; x_wconf 80' lang='lat' dir='ltr'><strong>paravit</strong></span> 
     </span>
     <span class='ocr_line' id='line_1_21' title="bbox 84 2519 799 2608; baseline 0 -22"><span class='ocrx_word' id='word_1_136' title='bbox 84 2526 212 2588; x_wconf 78' lang='lat' dir='ltr'><strong>Anuras</strong></span> <span class='ocrx_word' id='word_1_137' title='bbox 225 2523 263 2590; x_wconf 90' lang='lat' dir='ltr'><strong>in</strong></span> <span class='ocrx_word' id='word_1_138' title='bbox 277 2533 362 2590; x_wconf 85' lang='lat' dir='ltr'><strong>tecta</strong></span> <span class='ocrx_word' id='word_1_139' title='bbox 374 2525 480 2608; x_wconf 73' lang='lat' dir='ltr'><strong>ures,</strong></span> <span class='ocrx_word' id='word_1_140' title='bbox 489 2523 664 2604; x_wconf 84' lang='lat' dir='ltr'><strong>sociusque</strong></span> <span class='ocrx_word' id='word_1_141' title='bbox 676 2519 799 2586; x_wconf 82' lang='lat' dir='ltr'><strong>luroris</strong></span> 
     </span>
     <span class='ocr_line' id='line_1_22' title="bbox 84 2623 879 2711; baseline -0.006 -20"><span class='ocrx_word' id='word_1_142' title='bbox 84 2625 248 2709; x_wconf 74' lang='lat' dir='ltr'><strong>lentulus,</strong></span> <span class='ocrx_word' id='word_1_143' title='bbox 262 2627 448 2708; x_wconf 75' lang='lat' dir='ltr'><strong>exsertique</strong></span> <span class='ocrx_word' id='word_1_144' title='bbox 465 2647 583 2692; x_wconf 86' lang='lat' dir='ltr'><strong>manus</strong></span> <span class='ocrx_word' id='word_1_145' title='bbox 597 2645 719 2694; x_wconf 83' lang='lat' dir='ltr'><strong>vesana</strong></span> <span class='ocrx_word' id='word_1_146' title='bbox 732 2623 879 2711; x_wconf 82' lang='lat' dir='ltr'><strong>Cethegi.</strong></span> 
     </span>
     <span class='ocr_line' id='line_1_23' title="bbox 86 2730 899 2804; baseline -0.001 -10"><span class='ocrx_word' id='word_1_147' title='bbox 86 2732 112 2794; x_wconf 94' lang='lat'>0</span> <span class='ocrx_word' id='word_1_148' title='bbox 123 2733 229 2798; x_wconf 88' lang='lat' dir='ltr'><strong>rabies</strong></span> <span class='ocrx_word' id='word_1_149' title='bbox 242 2733 430 2802; x_wconf 82' lang='lat' dir='ltr'><strong>miseranda</strong></span> <span class='ocrx_word' id='word_1_150' title='bbox 443 2733 553 2798; x_wconf 63' lang='lat' dir='ltr'><strong>duent</strong></span> <span class='ocrx_word' id='word_1_151' title='bbox 574 2753 651 2800; x_wconf 83' lang='lat' dir='ltr'><strong>oum</strong></span> <span class='ocrx_word' id='word_1_152' title='bbox 666 2733 740 2804; x_wconf 67' lang='lat' dir='ltr'><strong>tata,</strong></span> <span class='ocrx_word' id='word_1_153' title='bbox 750 2730 899 2796; x_wconf 80' lang='lat' dir='ltr'><strong>Camillis</strong></span> 
     </span>
     <span class='ocr_line' id='line_1_24' title="bbox 85 2831 939 2926; baseline -0.002 -26"><span class='ocrx_word' id='word_1_154' title='bbox 85 2839 139 2922; x_wconf 87' lang='lat' dir='ltr'><strong>Te,</strong></span> <span class='ocrx_word' id='word_1_155' title='bbox 150 2843 282 2924; x_wconf 84' lang='lat' dir='ltr'><strong>Caesar,</strong></span> <span class='ocrx_word' id='word_1_156' title='bbox 297 2840 493 2926; x_wconf 75' lang='lat' dir='ltr'><strong>magnisque</strong></span> <span class='ocrx_word' id='word_1_157' title='bbox 509 2839 615 2906; x_wconf 83' lang='lat' dir='ltr'><strong>velint</strong></span> <span class='ocrx_word' id='word_1_158' title='bbox 624 2833 763 2904; x_wconf 72' lang='lat' dir='ltr'><strong>miscere</strong></span> <span class='ocrx_word' id='word_1_159' title='bbox 781 2831 939 2914; x_wconf 88' lang='lat' dir='ltr'><strong>Metellis,</strong></span> 
     </span>
     <span class='ocr_line' id='line_1_25' title="bbox 85 2941 952 3031; baseline -0.009 -23"><span class='ocrx_word' id='word_1_160' title='bbox 85 2947 129 3008; x_wconf 83' lang='lat' dir='ltr'><strong>Ad</strong></span> <span class='ocrx_word' id='word_1_161' title='bbox 139 2949 274 3031; x_wconf 85' lang='lat' dir='ltr'><strong>Cinnas,</strong></span> <span class='ocrx_word' id='word_1_162' title='bbox 288 2947 476 3029; x_wconf 85' lang='lat' dir='ltr'><strong>Mariosque</strong></span> <span class='ocrx_word' id='word_1_163' title='bbox 492 2942 595 3009; x_wconf 76' lang='lat' dir='ltr'><strong>venis.</strong></span> <span class='ocrx_word' id='word_1_164' title='bbox 615 2941 768 3009; x_wconf 69' lang='lat' dir='ltr'><strong>Sternere</strong></span> <span class='ocrx_word' id='word_1_165' title='bbox 782 2941 952 3026; x_wconf 82' lang='lat' dir='ltr'><strong>profecto,</strong></span> 
     </span>
     <span class='ocr_line' id='line_1_26' title="bbox 85 3052 895 3136; baseline -0.006 -23"><span class='ocrx_word' id='word_1_166' title='bbox 85 3053 121 3116; x_wconf 90' lang='lat' dir='ltr'><strong>Ut</strong></span> <span class='ocrx_word' id='word_1_167' title='bbox 132 3056 249 3120; x_wconf 85' lang='lat' dir='ltr'><strong>Catulo</strong></span> <span class='ocrx_word' id='word_1_168' title='bbox 262 3052 366 3118; x_wconf 85' lang='lat' dir='ltr'><strong>iacuit</strong></span> <span class='ocrx_word' id='word_1_169' title='bbox 375 3052 538 3136; x_wconf 82' lang='lat' dir='ltr'><strong>lepidus,</strong></span> <span class='ocrx_word' id='word_1_170' title='bbox 555 3059 749 3130; x_wconf 85' lang='lat' dir='ltr'><strong>nostrasque</strong></span> <span class='ocrx_word' id='word_1_171' title='bbox 764 3064 895 3110; x_wconf 81' lang='lat' dir='ltr'><strong>secures</strong></span> 
     </span>
     <span class='ocr_line' id='line_1_27' title="bbox 84 3149 887 3244; baseline -0.009 -25"><span class='ocrx_word' id='word_1_172' title='bbox 84 3157 209 3239; x_wconf 87' lang='lat' dir='ltr'><strong>Passus,</strong></span> <span class='ocrx_word' id='word_1_173' title='bbox 223 3156 356 3222; x_wconf 85' lang='lat' dir='ltr'><strong>Sicanio</strong></span> <span class='ocrx_word' id='word_1_174' title='bbox 369 3155 493 3244; x_wconf 84' lang='lat' dir='ltr'><strong>tegitur</strong></span> <span class='ocrx_word' id='word_1_175' title='bbox 507 3156 567 3238; x_wconf 89' lang='lat' dir='ltr'><strong>qui</strong></span> <span class='ocrx_word' id='word_1_176' title='bbox 586 3153 696 3218; x_wconf 88' lang='lat' dir='ltr'><strong>Carbo</strong></span> <span class='ocrx_word' id='word_1_177' title='bbox 714 3149 887 3232; x_wconf 80' lang='lat' dir='ltr'><strong>sepulcro,</strong></span> 
     </span>
     <span class='ocr_line' id='line_1_28' title="bbox 85 3259 867 3348; baseline -0.003 -22"><span class='ocrx_word' id='word_1_178' title='bbox 85 3264 209 3348; x_wconf 80' lang='lat' dir='ltr'><strong>Quique</strong></span> <span class='ocrx_word' id='word_1_179' title='bbox 227 3264 315 3332; x_wconf 85' lang='lat' dir='ltr'><strong>leros</strong></span> <span class='ocrx_word' id='word_1_180' title='bbox 331 3263 436 3327; x_wconf 88' lang='lat' dir='ltr'><strong>movit</strong></span> <span class='ocrx_word' id='word_1_181' title='bbox 454 3261 618 3328; x_wconf 87' lang='lat' dir='ltr'><strong>Sertorius</strong></span> <span class='ocrx_word' id='word_1_182' title='bbox 631 3262 725 3329; x_wconf 78' lang='lat' dir='ltr'><strong>exsul</strong></span> <span class='ocrx_word' id='word_1_183' title='bbox 742 3259 867 3326; x_wconf 80' lang='lat' dir='ltr'><strong>iberos·</strong></span> 
     </span>
     <span class='ocr_line' id='line_1_29' title="bbox 87 3361 1039 3454; baseline -0.008 -21"><span class='ocrx_word' id='word_1_184' title='bbox 87 3368 296 3454; x_wconf 73' lang='lat' dir='ltr'><strong>Quamquam,</strong></span> <span class='ocrx_word' id='word_1_185' title='bbox 303 3369 331 3432; x_wconf 90' lang='lat' dir='ltr'><strong>si</strong></span> <span class='ocrx_word' id='word_1_186' title='bbox 342 3367 503 3451; x_wconf 83' lang='lat' dir='ltr'><strong>qualidea,</strong></span> <span class='ocrx_word' id='word_1_187' title='bbox 510 3368 602 3436; x_wconf 86' lang='lat' dir='ltr'><strong>histe</strong></span> <span class='ocrx_word' id='word_1_188' title='bbox 612 3363 903 3448; x_wconf 81' lang='lat' dir='ltr'><strong>quoqueiungere,</strong></span> <span class='ocrx_word' id='word_1_189' title='bbox 910 3361 1039 3440; x_wconf 77' lang='lat' dir='ltr'><strong>Caesar,</strong></span> 
     </span>
     <span class='ocr_line' id='line_1_30' title="bbox 86 3465 929 3562; baseline -0.008 -24"><span class='ocrx_word' id='word_1_190' title='bbox 86 3476 232 3562; x_wconf 87' lang='lat' dir='ltr'><strong>Invideo,</strong></span> <span class='ocrx_word' id='word_1_191' title='bbox 250 3488 445 3558; x_wconf 87' lang='lat' dir='ltr'><strong>nostrasque</strong></span> <span class='ocrx_word' id='word_1_192' title='bbox 456 3497 576 3540; x_wconf 89' lang='lat' dir='ltr'><strong>manus</strong></span> <span class='ocrx_word' id='word_1_193' title='bbox 585 3475 676 3556; x_wconf 89' lang='lat' dir='ltr'><strong>quod</strong></span> <span class='ocrx_word' id='word_1_194' title='bbox 684 3476 794 3534; x_wconf 83' lang='lat' dir='ltr'><strong>Roma</strong></span> <span class='ocrx_word' id='word_1_195' title='bbox 805 3465 929 3532; x_wconf 85' lang='lat' dir='ltr'><strong>furenti</strong></span> 
     </span>
     <span class='ocr_line' id='line_1_31' title="bbox 88 3570 989 3664; baseline -0.008 -23"><span class='ocrx_word' id='word_1_196' title='bbox 88 3580 253 3664; x_wconf 87' lang='lat' dir='ltr'><strong>Opposuit.</strong></span> <span class='ocrx_word' id='word_1_197' title='bbox 272 3583 471 3646; x_wconf 84' lang='lat' dir='ltr'><strong>Parthorum</strong></span> <span class='ocrx_word' id='word_1_198' title='bbox 487 3577 617 3644; x_wconf 74' lang='lat' dir='ltr'><strong>ninam</strong></span> <span class='ocrx_word' id='word_1_199' title='bbox 630 3584 705 3658; x_wconf 81' lang='lat' dir='ltr'><strong>post</strong></span> <span class='ocrx_word' id='word_1_200' title='bbox 717 3570 847 3658; x_wconf 86' lang='lat' dir='ltr'><strong>proelia</strong></span> <span class='ocrx_word' id='word_1_201' title='bbox 859 3590 989 3655; x_wconf 81' lang='lat' dir='ltr'><strong>sospes,</strong></span> 
     </span>
     <span class='ocr_line' id='line_1_32' title="bbox 86 3675 916 3774; baseline -0.004 -31"><span class='ocrx_word' id='word_1_202' title='bbox 86 3681 124 3774; x_wconf 80' lang='lat' dir='ltr'><strong>Et</strong></span> <span class='ocrx_word' id='word_1_203' title='bbox 132 3683 292 3766; x_wconf 86' lang='lat' dir='ltr'><strong>Scythicis</strong></span> <span class='ocrx_word' id='word_1_204' title='bbox 307 3687 440 3748; x_wconf 81' lang='lat' dir='ltr'><strong>Crassus</strong></span> <span class='ocrx_word' id='word_1_205' title='bbox 453 3681 561 3746; x_wconf 84' lang='lat' dir='ltr'><strong>victor</strong></span> <span class='ocrx_word' id='word_1_206' title='bbox 572 3689 748 3744; x_wconf 87' lang='lat' dir='ltr'><strong>remeasset</strong></span> <span class='ocrx_word' id='word_1_207' title='bbox 766 3679 810 3742; x_wconf 89' lang='lat' dir='ltr'><strong>ab</strong></span> <span class='ocrx_word' id='word_1_208' title='bbox 827 3675 916 3740; x_wconf 83' lang='lat' dir='ltr'><strong>arvis</strong></span> 
     </span>
     <span class='ocr_line' id='line_1_33' title="bbox 89 3781 939 3874; baseline -0.005 -20"><span class='ocrx_word' id='word_1_209' title='bbox 89 3785 127 3856; x_wconf 88' lang='lat' dir='ltr'><strong>Ut</strong></span> <span class='ocrx_word' id='word_1_210' title='bbox 139 3789 239 3862; x_wconf 77' lang='lat' dir='ltr'><strong>situili</strong></span> <span class='ocrx_word' id='word_1_211' title='bbox 255 3810 354 3862; x_wconf 64' lang='lat' dir='ltr'><strong>seusa</strong></span> <span class='ocrx_word' id='word_1_212' title='bbox 371 3789 518 3869; x_wconf 83' lang='lat' dir='ltr'><strong>caderes,</strong></span> <span class='ocrx_word' id='word_1_213' title='bbox 535 3805 602 3871; x_wconf 89' lang='lat' dir='ltr'><strong>qua</strong></span> <span class='ocrx_word' id='word_1_214' title='bbox 620 3787 810 3874; x_wconf 78' lang='lat' dir='ltr'><strong>Spartacus,</strong></span> <span class='ocrx_word' id='word_1_215' title='bbox 824 3781 939 3852; x_wconf 74' lang='lat' dir='ltr'><strong>hosts</strong></span> 
     </span>
    </p>
   </div>
   <div class='ocr_carea' id='block_1_4' title="bbox 0 0 1419 4880">
    <p class='ocr_par' dir='ltr' id='par_1_4' title="bbox 0 0 1419 4880">
     <span class='ocr_line' id='line_1_34' title="bbox 0 0 1419 4880; baseline 0 0"><span class='ocrx_word' id='word_1_216' title='bbox 0 0 1419 4880; x_wconf 95' lang='lat' dir='ltr'><strong> </strong></span> 
     </span>
    </p>
   </div>
  </div>
 </body>
</html>
