2790 4874
294 379 498 442 elena
537 361 680 446 vr.'v.
708 387 775 449 113.
952 395 1011 458 aaa
1131 457 1133 460 .

61 521 179 590 Vellere
193 522 237 586 ab
250 519 372 606 ignotis
386 521 505 586 dubias
519 524 684 590 radicibus
698 529 835 594 herbas:

9 616 23 674 :¹
61 627 143 709 Quae
151 619 288 686 mollire
299 632 426 703 queunt
438 625 588 708 flamma,
604 647 689 708 quae
708 631 862 718 frangere
884 655 1010 722 morsu,

9 809 11 834 ἱ
61 733 205 816 Quaeque
218 750 280 813 per
294 731 425 795 abrasas
439 743 534 795 utero
548 735 720 800 demittere
739 740 867 823 fauces,

9 841 10 874 t
61 833 276 916 Plurimaque,
296 833 450 898 humanis
469 839 627 902 antehoc
645 839 813 927 incognita
833 847 970 933 mensis,

9 965 10 1024 j
60 937 214 1020 Diripiens
229 936 341 1020 miles,
354 947 502 1002 saturum
514 951 624 1004 tamen
644 945 773 1008 obsidet
789 949 928 1014 hostem.

9 1121 11 1138 .
91 1046 131 1105 Ut
142 1035 290 1126 primum
303 1042 400 1107 libuit
413 1044 519 1126 ruptis
536 1049 677 1110 evadere
695 1051 845 1115 claustris

61 1149 224 1232 Pompeio',
238 1158 437 1230 cunctasque
451 1149 516 1212 sibi
527 1151 717 1234 permittere
736 1153 856 1236 terras3

62 1255 123 1315 Non
141 1256 282 1316 obscura
297 1252 379 1336 petit
395 1255 578 1337 latebrosae
596 1266 746 1340 tempora
764 1261 889 1346 noctis,

61 1359 93 1419 Et
108 1369 235 1442 raptum
252 1360 341 1422 furto
355 1359 463 1423 soceri
477 1362 677 1426 cessantibus
697 1365 798 1431 armis

61 1468 254 1554 Dedignatur
270 1468 352 1532 iter:
364 1468 448 1532 laxis
461 1468 551 1532 exire
571 1469 677 1535 ruinis

9 1591 12 1666 J
63 1570 198 1655 Quaerit,
217 1580 250 1632 et
269 1569 416 1653 impulsu
435 1576 542 1633 turres
565 1569 773 1658 coniringere
793 1573 887 1657 valli,
944 1655 949 1662 „

62 1674 174 1754 Perque
187 1693 302 1736 omnes
318 1673 463 1760 gladios,
482 1685 514 1737 et
527 1693 592 1754 qna
604 1675 659 1738 via
676 1677 776 1740 caede
790 1680 939 1760 paranda
949 1689 1010 1746 est.

9 1855 10 1864 ἵ
65 1777 250 1860 Opportuna
267 1789 378 1844 tamen
395 1778 476 1841 valli
494 1799 569 1862 pars
585 1778 656 1843 visa
669 1779 867 1865 propinqui,

64 1883 127 1966 Qua
139 1875 261 1945 Mimiti
275 1883 406 1946 castella
425 1894 557 1966 uacant,
580 1894 611 1947 et
626 1885 786 1973 confraga
800 1887 911 1954 densis

63 1989 229 2054 Arboribus
242 1991 378 2052 dumeta
397 1999 520 2076 tegunt.
534 1993 610 2054 Huc
623 1995 761 2074 pulvere
777 1995 872 2056 nullo
954 2015 1009 2077 ¹²7

64 2094 201 2157 Proditus
216 2115 337 2182 agmen
350 2095 437 2182 agit,
449 2097 641 2178 subitusque
655 2099 699 2158 ad
715 2097 847 2160 moenia
861 2098 963 2162 venit.

53 2199 116 2262 ¹Tot
127 2200 255 2264 simule
269 2191 393 2284 campis
407 2201 518 2264 Latiae
533 2199 654 2265 fulsere
667 2203 835 2266 volucres:
944 2251 947 2260 ,

64 2305 116 2367 Tot
132 2306 279 2373 cecinere
298 2309 405 2370 tubae.
423 2311 474 2370 Ne
489 2309 571 2388 quid
587 2307 727 2374 victoria
741 2309 830 2374 ferro

65 2391 204 2494 Deberet,
218 2431 325 2494 pavor
337 2413 492 2482 attonitos
511 2413 698 2480 coniecerat
715 2419 835 2482 hostes.
893 2469 895 2474 .

66 2516 150 2598 Quod
161 2517 271 2581 solum
284 2517 390 2580 valuit
402 2517 520 2603 virtus,
540 2519 671 2585 iacuere
684 2521 842 2605 peremti,

65 2619 241 2684 Debuerant
254 2643 322 2703 quo
336 2634 422 2686 stare
438 2626 530 2688 loco:
544 2625 602 2707 qui
616 2629 757 2688 vulnera
774 2627 898 2690 ferrent

64 2726 125 2790 Iam
138 2730 291 2812 deerant,
304 2740 338 2793 et
353 2729 505 2813 nimbus,
524 2751 625 2818 agens
639 2734 786 2815 tottela,
807 2732 946 2816 peribat.

65 2833 139 2896 Tum
155 2835 267 2918 piceos
284 2835 424 2898 volvunt
436 2833 603 2901 inunissae
621 2835 792 2916 lampades
805 2836 916 2920 ignes:

64 2934 139 2999 Tum
157 2957 292 3020 quassae
306 2947 426 3002 nutant
438 2949 561 3019 turres,
581 2937 777 3018 lapsumque
791 2936 971 2997 minantur.

65 3040 194 3107 Roboris
206 3043 342 3127 impacti
358 3047 490 3111 crebros
503 3043 606 3130 gemit
624 3063 728 3130 agger
745 3044 788 3105 ad
803 3042 898 3107 ictus.

65 3146 127 3210 lam
142 3153 361 3235 Pompeianae
375 3151 454 3218 celsi
467 3173 566 3236 super
579 3153 684 3219 ardua
698 3151 781 3215 valli

66 3253 209 3320 Exierant
223 3257 378 3339 Aquilae:
398 3257 466 3320 iam
487 3255 699 3319 mundi'iura
714 3258 882 3338 patebant.

67 3360 162 3443 Quem
182 3383 251 3426 non
264 3364 356 3426 mille
370 3362 470 3426 simul
485 3361 618 3444 turmis,
638 3345 700 3424 nec
716 3363 854 3422 Caesare
871 3367 940 3424 toto

66 3453 207 3532 Auferret
222 3465 368 3531 Fortuna
383 3469 511 3551 locum,
528 3468 708 3532 victoribus
726 3484 813 3530 unus

66 3571 204 3658 Eripuit,
219 3577 389 3659 vetuitque
404 3578 492 3662 capi:
509 3599 610 3659 seque
628 3597 721 3639 arma
736 3581 883 3656 tenente,

68 3681 108 3743 Ac
124 3685 271 3746 nondum
288 3695 408 3767 strato,
422 3689 582 3772 Magnum
596 3683 711 3746 vicisse
728 3681 872 3771 negavit.
890 3730 893 3736 .

68 3787 180 3855 Scaeva
198 3791 272 3870 viro
283 3813 421 3858 nomen:
432 3807 615 3859 castrorum
627 3793 664 3888 in
678 3791 777 3876 plebe
794 3791 942 3856 merebat
958 3807 960 3826 ¹
