2790 4874
327 318 534 418 muna
574 321 644 388 v1.
685 289 809 401 nni.
994 333 1050 410 137

96 461 215 545 Solvet,
235 462 299 544 ait,
316 445 457 546 podnas,
475 467 632 528 Scaevam
649 467 841 549 quicunque
857 471 1030 542 subactum

95 569 252 650 Speravit:
265 587 380 650 pacem
395 569 508 655 gladio
529 569 556 632 si
570 572 699 651 quaerit
713 573 756 634 ab
772 561 845 636 isto*
867 593 870 602 ·

22 745 24 754 .
96 679 241 762 Magnus,
255 677 390 738 adorato
405 676 575 738 submittat
595 681 734 740 Caesare
749 679 854 765 signa.
906 680 912 692 ’

22 811 23 870 c
96 783 141 842 An
151 781 293 842 similem
311 781 428 862 vestri,
441 803 641 868 segnemque
657 785 699 844 ad
715 785 780 846 fata
798 785 942 868 putatis?

22 953 23 962 χ
97 885 236 968 Pompeii
250 885 359 947 minor
377 896 424 948 est
442 886 552 968 vobis,
571 907 752 966 causaeque
767 889 925 970 Senatus,

22 975 25 992 ”
97 995 194 1075 Quam
205 992 412 1076 mibimortis
423 975 526 1058 amor.
543 980 648 1054 Simul
658 997 739 1056 haec
749 991 883 1078 effatur,
900 1009 931 1059 et
944 1000 1029 1064 altus

98 1099 259 1158 Caesareas
279 1095 389 1178 pulvis
408 1107 542 1186 testatur
559 1099 670 1179 adesse
692 1101 852 1161 cohortes.

97 1201 235 1264 Dedecus
247 1201 303 1263 hic
313 1203 394 1264 belli
405 1205 543 1286 Magn0,
558 1201 751 1284 criinenque
762 1204 901 1287 remisit,
1004 1271 1005 1278 χ

97 1308 138 1370 Ne
151 1311 257 1371 solum
272 1319 356 1372 totae
370 1309 522 1394 fugerent
541 1321 590 1392 te,
604 1313 745 1394 Scaeva,
760 1322 927 1375 catervae:

22 1429 24 1442 ’
97 1419 252 1482 Subducto
270 1419 329 1500 qui
344 1421 450 1481 Marte
463 1420 548 1482 ruis:
566 1441 644 1482 nam
662 1421 825 1508 sanguine
843 1423 918 1486 fuso

97 1521 179 1588 Vires
192 1541 306 1609 pugna
319 1524 428 1589 dabat.
443 1523 623 1585 Labentem
638 1526 733 1586 turba
747 1544 886 1588 suorum

96 1626 227 1710 Excipit,
244 1637 343 1706 atque
358 1626 506 1690 humeris
526 1628 690 1690 defectum
704 1628 879 1712 imponere
892 1630 1022 1717 gaudet.

22 1751 23 1762 ³
96 1735 135 1796 dc
147 1736 238 1796 velut
255 1733 421 1806 inclusum
437 1733 586 1817 perfosso
606 1733 642 1794 in
660 1744 793 1816 pectore
809 1759 948 1821 numen,

22 1885 23 1892 κ
90 1837 129 1902 'Et
136 1839 246 1902 vivam
260 1857 400 1924 magnae
417 1837 561 1920 speciem
575 1837 716 1903 Virtutis
733 1841 892 1902 adorant:
936 1831 939 1838 ’

22 2031 23 2034 ¹
95 1948 230 2030 Telaque
245 1947 381 2011 confixis
399 1955 525 2010 certant
547 1947 688 2009 evellere
702 1947 876 2029 membris,

96 2053 320 2135 Exornantque
334 2057 434 2134 Deos,
452 2073 491 2114 ac
506 2053 635 2112 nudum
648 2035 780 2132 pectore
794 2055 932 2113 Martem
990 2054 1049 2115 256
1088 2041 1089 2044 ¹

95 2159 209 2242 Armis,
230 2161 370 2240 Scaeua,
386 2149 564 2236 tuis3'felix
585 2159 649 2218 hoc
668 2155 803 2220 nomine
818 2158 943 2242 famae,

95 2266 124 2328 Si
135 2267 193 2330 tibi
208 2270 312 2330 durus
328 2268 447 2348 Hiber,
466 2275 524 2327 aut
537 2265 565 2352 si
584 2263 644 2326 tibi
661 2277 752 2352 terga
768 2263 909 2330 dedisset

95 2373 247 2450 Cantaber
261 2371 402 2458 exiguis,
417 2383 476 2434 aut
489 2371 599 2457 longis
615 2371 784 2433 Teutonus
799 2371 909 2435 armis.

94 2479 158 2542 Non
172 2491 208 2543 tu
222 2481 388 2543 bellorum
401 2477 515 2560 spoliis
533 2495 651 2538 ornare
663 2475 823 2538 Tonantis
1010 2561 1013 2568 ¹

94 2588 222 2671 Templa
239 2597 347 2670 potes,
363 2581 437 2646 'non
451 2583 598 2646 tuslaetis
615 2585 746 2646 ululare
769 2583 954 2667 triumphis,
983 2575 986 2580 ¹

95 2691 223 2774 Infelix,
240 2701 363 2778 quanta
381 2689 556 2752 dominum
574 2689 696 2752 virtute
711 2691 848 2772 parasti!

127 2799 191 2860 Nec
202 2795 308 2880 magis
321 2798 384 2857 hac
397 2797 539 2880 Magnus
555 2805 736 2858 castrorum
754 2786 848 2875 parte
866 2795 1018 2875 repulsus

92 2901 173 2965 Intra
191 2905 332 2966 claustra
347 2903 443 2987 piger
463 2902 565 2964 dilato
586 2907 693 2964 Marte
711 2899 851 2981 quievit,

94 3008 192 3090 Quam
205 3027 297 3068 mare
316 3007 470 3088 lassatur,
491 3026 567 3066 cum
583 3025 616 3068 se
634 3004 826 3066 tollentibus
846 3004 941 3068 Euris

92 3113 302 3201 Frangentem
315 3117 431 3178 fluetus
447 3115 622 3196 scopulum
635 3113 729 3196 ferit,
747 3123 802 3174 aut
818 3091 904 3193 latus
920 3113 977 3175 alti

92 3217 206 3280 Montis
222 3221 335 3301 adest„
345 3239 520 3298 seramque
533 3217 596 3282 sibi
609 3228 711 3299 parat·
720 3217 810 3295 unda
824 3217 966 3280 ruinam.

92 3320 172 3386 Hinc
187 3323 299 3388 uicina
317 3335 431 3416 petens
446 3326 578 3409 placido
599 3327 730 3388 castella
750 3323 918 3406 profundo

92 3425 220 3493 Incursu
234 3431 360 3517 gemini
375 3423 489 3494 Martis
507 3433 615 3515 rapit:
632 3451 789 3510 annaque
803 3431 869 3493 late

92 3531 229 3620 spargit,
243 3545 275 3597 et
293 3531 397 3598 effuso
415 3537 504 3598 laxat
519 3533 658 3598 tentoria
679 3553 813 3616 camp03

92 3637 328 3720 Mutandaeque
344 3639 436 3703 iuvat
456 3639 614 3723 permissa
631 3637 763 3700 licentia
778 3647 893 3703 terrae.

94 3743 139 3808 Sic
151 3751 252 3832 pleno
268 3751 376 3814 Padus
390 3749 447 3812 ore
462 3759 590 3814 tumens
607 3767 707 3831 super
724 3763 845 3840 aggere
859 3753 944 3814 tutas
965 3765 968 3771 “
