2788 4880
331 352 536 428 LIBER
575 357 652 428 111.
690 368 814 432 urat.
1003 380 1044 440 Gt

101 501 234 567 Foedera
245 499 274 567 ai
292 505 459 589 plancam,
474 505 517 570 ait
533 523 601 589 quo
616 509 756 575 veniatis
771 511 923 578 inermes.

102 607 170 689 vet,
188 625 266 670 eum
286 615 377 671 liuta
393 620 511 674 rorent
526 611 717 678 discrimine
728 617 843 681 Mortis
862 619 998 706 Hiberi,

100 711 180 796 Quid
191 711 346 795 rapidum
359 713 503 780 deflestis
513 715 596 778 iteri
610 733 681 780 non
689 721 837 804 pondera
846 737 977 810 rernm,

98 817 158 879 Nee
170 825 337 879 momenta
348 827 476 882 suriest
495 819 667 902 nunquam
680 819 833 890 ieliuibus
847 825 950 895 aratia

97 923 156 984 Usa
167 934 296 1003 manus,
310 921 436 1004 paulae
452 921 568 1005 primis
583 943 605 984 a
622 923 755 998 sedibus
769 931 879 1012 exsul,

96 1030 134 1090 Et
144 1037 212 1110 past
228 1031 399 1094 translates
409 1039 544 1095 exustae
558 1031 719 1098 Phuudos
734 1047 840 1119 eroes,

97 1131 260 1198 Moenibus
274 1135 418 1222 exiguis,
441 1136 551 1199 alieno
570 1137 608 1201 in
622 1137 733 1221 litore,
748 1141 827 1223 tuti,

96 1235 228 1300 Illustrat
244 1257 327 1320 quos
339 1241 409 1302 sole
422 1235 513 1304 tides.
534 1239 568 1302 Si
583 1243 736 1306 claudere
747 1263 861 1309 muros

99 1343 267 1407 Obsidione
285 1364 397 1428 paras,
411 1345 486 1408 ervi
496 1344 700 1432 perfringere
713 1359 825 1432 portas
832 1398 844 1432 ‚

96 1451 255 1535 Excepisse
274 1448 489 1534 forestensis,
508 1461 541 1514 et
556 1453 622 1515 tela
634 1453 758 1536 parati,

98 1557 257 1617 Undarum
273 1565 384 1638 reptos
397 1554 519 1640 aretais
530 1554 677 1620 fontibus
694 1557 830 1623 haustus

95 1663 267 1746 Quaerere,
281 1672 314 1724 et
327 1657 478 1725 eiibssa'm
494 1658 639 1726 sistentes
657 1664 805 1727 lambere
821 1672 958 1728 tetram:

91 1768 131 1827 Et
144 1767 220 1831 desit
234 1769 262 1832 si
272 1771 366 1854 larga
377 1770 489 1850 (lenes,
503 1761 583 1832 tune
596 1768 732 1832 horride
751 1769 860 1854 cerni,
888 1793 891 1801 ·

91 1875 256 1954 Foedaque
272 1873 423 1961 contingi
440 1875 606 1948 maculato
624 1890 741 1958 capere
759 1895 881 1940 morsu.

91 1981 153 2041 Nee
165 1988 261 2061 paret
275 1977 331 2042 hie
348 1981 493 2063 populus
506 1974 568 2063 pro
580 1979 734 2044 libertate:
745 1982 873 2064 subire,

89 2087 260 2153 Obsessum
275 2091 385 2151 Poeno
398 2086 496 2175 gessit
511 2089 601 2169 quod
611 2089 717 2150 Marte
732 2089 925 2174 Saguntum.
977 2093 1038 2157 iio
1055 2083 1057 2102 '

92 2193 271 2257 Pectoribus
284 2193 370 2276 rapti
387 2203 544 2274 matrum,
566 2192 751 2274 frustraque
765 2195 930 2261 trahentes

91 2301 192 2362 Ubera
206 2299 291 2364 sicca
310 2297 398 2362 fame
414 2297 540 2361 medios
554 2297 725 2362 mittentur
740 2297 776 2362 in
794 2301 904 2388 ignes:
1025 2318 1029 2336 ¹

91 2404 175 2467 Uxor
188 2413 220 2468 et
233 2423 254 2466 a
273 2423 350 2467 earo
367 2409 480 2486 poscet
497 2399 561 2466 sibi
580 2398 646 2463 iata
662 2401 795 2464 moritu.

90 2507 228 2572 Vulnera
241 2505 426 2571 miscebunt
440 2505 571 2586 iratres,
586 2505 778 2585 bellumque
794 2505 900 2569 ooaeti

89 2613 156 2678 Hoc
167 2614 277 2698 potius
296 2611 392 2676 ciuile
405 2621 531 2699 gerent.
546 2609 600 2674 stc
615 2607 717 2674 Graia
736 2608 891 2673 iuventus

89 2715 236 2795 i'mierat3
255 2735 330 2779 eum
348 2715 478 2778 turbato
497 2711 564 2776 iam
579 2713 712 2796 prodita
729 2714 824 2776 vultu

88 2805 136 2882 Ira
151 2821 261 2904 ducis,
284 2821 416 2883 tandem
431 2825 544 2880 testata
557 2825 604 2879 est
613 2835 696 2878 voee
712 2817 882 2878 dolorem:
901 2829 904 2836 '

124 2928 215 2991 Vena
232 2935 343 2988 movet
361 2921 477 2988 Graios
494 2922 598 2985 nostri
615 2919 736 2984 fidueia
749 2932 877 2986 onnus.

87 3031 239 3118 Quamvis
255 3030 454 3114 Hesperium
470 3025 588 3088 mundi
604 3041 818 3112 properemus
832 3027 875 3087 ad
890 3043 1001 3108 axem,

86 3137 259 3202 Massiliam
272 3137 381 3199 delere
394 3143 498 3196 vaeat.
513 3125 676 3212 Gaudete,
693 3131 862 3194 cohortere
965 3175 966 3180 η

88 3241 190 3306 Obvia
206 3245 404 3325 praebentur
419 3239 564 3301 fatorum
577 3257 715 3300 munere
726 3237 823 3300 bella.
893 3309 896 3316 ¹

87 3349 205 3428 Ventus
217 3360 253 3410 ut
266 3345 386 3408 amittit
398 3343 500 3426 vires,
516 3343 580 3408 nisi
601 3345 719 3406 robore
737 3345 858 3416 dertare

86 3451 265 3514 Occurrunt
280 3449 401 3531 silvae,
421 3449 526 3531 spatio
541 3442 679 3510 diffusus
692 3445 802 3508 inani:

85 3532 186 3634 Utuue
200 3553 284 3636 perit
300 3573 439 3639 mugnus
451 3551 552 3614 nullis
564 3551 767 3612 obstantibus
783 3547 872 3634 ignis
880 3597 891 3633 ‚
945 3583 946 3588 κ

84 3656 130 3720 Sic
144 3661 252 3726 hostes
262 3660 344 3722 mihi
353 3663 462 3722 deesse
472 3643 586 3721 noeet:
601 3657 824 3738 damnumque
836 3664 992 3739 puta-mus

85 3766 271 3852 Armorum,
281 3767 344 3833 nisi
353 3815 363 3851 ,
382 3767 440 3849 qui
452 3766 542 3832 vinei
557 3775 709 3851 pontet'e,
726 3766 899 3828 rebellant.
