2790 4874
306 390 511 454 LIBER
551 389 646 455 Vll.
687 411 718 452 r.
745 391 809 468 145.
979 353 1035 460 uir

87 538 153 599 Non
168 534 276 618 aliter,
289 537 430 623 Phlegra
448 539 580 610 rabidos
597 541 732 602 tollente
742 539 918 627 Gigantas,

89 641 215 704 Martius
231 640 370 718 irlcsluit
385 641 502 704 Siculis
514 643 689 706 incudibus
709 643 811 708 ensis:

89 752 122 812 Et
132 749 243 814 rubuit
254 751 395 813 flammis
410 750 531 813 iterum
544 751 708 832 Neptunia
725 753 848 837 cuspis,

89 854 277 937 Spiculaque
289 865 424 918 exte'nso
436 858 545 918 Paean
562 857 713 938 Pythone
726 857 866 942 recoxit,

88 963 185 1026 Pallas
194 963 387 1048 Gorgoneos
401 959 536 1025 diffudit
549 963 585 1024 in
599 964 725 1048 Aegida
741 965 864 1048 crines,

89 1070 252 1133 Pallenaea
267 1070 339 1134 Iovi
358 1070 496 1133 mutavit
509 1070 651 1132 fulmina
666 1073 819 1153 Cyclops.

123 1175 192 1236 Non
207 1185 318 1238 tamen
329 1175 492 1241 >abstinuit
502 1185 657 1238 venturos
671 1175 814 1258 prodere
827 1191 921 1239 casus

89 1280 144 1340 Per
152 1279 259 1342 varias
270 1281 415 1342 Fortuna
426 1289 530 1342 notas.
549 1281 632 1340 Nam
641 1277 799 1340 Thessala
813 1297 892 1339 rura

91 1385 165 1446 Cum
180 1393 347 1466 peterent,
357 1393 447 1446 totus
458 1371 667 1446 venientibus
685 1381 812 1446 obstitit
824 1387 953 1454 aethere

88 1483 185 1564 anue
200 1485 306 1576 oculis
318 1485 495 1550 hominum
511 1487 682 1571 fregerunt
693 1487 835 1549 fuhnina
848 1491 973 1568 nubes;

89 1585 306 1670 Adversasque
318 1589 419 1672 faces,
430 1587 660 1672 immensoque
673 1592 749 1678 igne
760 1592 948 1677 columnas,

89 1699 125 1760 Et
138 1699 282 1764 trabibus
294 1699 406 1761 mixtis
419 1698 533 1762 avidos
547 1699 702 1782 siphonas
719 1718 883 1780 aquarum

89 1805 221 1888 Detulit,
234 1815 333 1887 atque
349 1807 462 1868 oculos
478 1805 605 1890 ingesto
618 1805 752 1890 fulgure
766 1805 901 1888 elausit,

88 1913 228 1976 Excussit
242 1911 354 1978 cristas
370 1912 488 2000 galeis,
502 1915 702 1996 capulosque
716 1913 843 1988 solutis⁴

88 2017 228 2079 Perfudit
240 2017 376 2103 gladiis,
388 2027 574 2100 ereptaque
591 2015 660 2100 pila
677 2017 836 2098 liquavit3

89 2121 299 2204 Aetherioque
315 2109 436 2186 nocens
449 2123 592 2185 fumavit
604 2123 729 2187 sulfure
743 2124 878 2186 ferrum.
983 2123 1041 2184 160

90 2225 150 2286 Nee
164 2242 237 2286 non
247 2223 427 2286 innumero*
440 2234 594 2306 cooperta
607 2225 759 2288 examine
771 2225 883 2312 signa,

89 2329 214 2412 Vixque
226 2329 358 2394 revulsa
370 2331 459 2408 solo;
473 2329 592 2393 maiori
605 2333 752 2414 pondere
765 2351 915 2416 pressum
1007 2417 1012 2424 δ

89 2433 238 2520 Signiferi
255 2455 398 2498 mersere
411 2445 523 2517 eaput,
541 2437 687 2498 rorantia
704 2438 798 2518 fletu,

88 2530 191 2618 Usque
205 2539 248 2600 ad
257 2537 461 2602 Tbessaliam
473 2541 624 2600 Romana
643 2547 674 2601 et
689 2540 826 2621 publica
839 2537 945 2625 signa.

88 2645 240 2707 Admotus
250 2643 386 2726 Superis
398 2643 540 2708 discussa
554 2643 641 2731 fugit
653 2645 695 2708 ab
709 2665 767 2708 ara

88 2750 225 2831 Taurus,
236 2757 268 2811 et
281 2747 451 2812 Emathios
461 2768 617 2832 praeceps
631 2773 665 2814 se
683 2751 761 2832 iecit
777 2751 813 2814 in
828 2771 943 2837 agros,

88 2851 247 2932 Nullaque
259 2851 396 2916 funestis
410 2851 547 2914 inventa
559 2862 606 2915 est
619 2852 753 2915 victima
765 2855 877 2918 sacris.

123 2964 163 3024 At
177 2971 230 3044 tu,
241 2979 324 3041 quos
332 2959 496 3023 scelerum
505 2959 668 3041 Superos?
682 2980 762 3040 quas
774 2959 838 3022 rite
851 2961 975 3025 vocasti

87 3064 296 3148 Eumenidas,
306 3064 447 3127 Caesar?
460 3063 568 3150 stygii
583 3083 667 3144 quae
680 3063 821 3127 numina
834 3063 953 3149 regni?
1039 3105 1044 3112 η

87 3173 320 3254 Infernumque
333 3173 447 3236 nefas?
458 3182 490 3235 et
502 3191 626 3234 mersos
645 3182 740 3233 nocte
756 3171 905 3234 furores?

86 3279 192 3362 Impia
208 3289 276 3340 tam
286 3297 383 3342 saeve
397 3287 548 3364 gesturus
564 3279 653 3340 bella
670 3275 794 3340 litasti?
876 3331 877 3336 ,

86 3387 155 3448 lam
175 3381 679 3468 dubium,monstrisneDeilm,
690 3380 839 3443 nimione
858 3379 978 3462 pavori

87 3489 308 3552 crediderint:
324 3489 436 3554 multis
450 3509 647 3552 concurrere
657 3487 745 3550 visus
759 3487 917 3568 Olympo⁴

86 3596 224 3678 Pindus,
234 3605 267 3659 et
278 3594 425 3678 abruptis
434 3593 540 3679 mergi
551 3591 757 3656 convallibus
770 3589 931 3672 Haemus,

86 3705 190 3766 Edere
203 3713 380 3766 nocturnas
393 3701 474 3764 belli
483 3700 651 3764 Pharsalia
667 3719 780 3781 voces,

84 3807 138 3870 1¹⁰
153 3827 215 3892 Per
228 3807 383 3872 Ossaeam
393 3805 529 3906 rapidus
543 3797 877 3890 Boebeida-sanguise
983 3837 985 3842 .
1100 3831 1103 3842 .
1193 3815 1194 3822 κ

150 3911 273 3974 Lucanus.
715 3919 766 3965 n.
