2788 4880
313 363 519 426 arana
557 363 628 428 ιν.
669 365 792 440 ana
992 365 1032 448 ε,

88 506 188 572 Noluit
201 505 358 591 Illyricae
378 513 486 575 custos
507 507 665 572 Octavius
682 509 794 572 undae

85 615 253 682 Confestim
273 625 401 680 tentare
419 625 540 697 ratem,
558 616 746 696 celeresque
765 612 893 679 carium

85 720 259 801 Conticuit,
274 738 371 786 cursu
391 731 513 786 crescau
528 723 614 803 dum,
624 723 748 804 praeda
765 723 931 788 uuunder

83 829 120 892 Et
134 839 253 894 temere
269 827 431 914 ingressos
448 831 666 912 repetepdum
680 828 799 892 invitat
815 829 859 890 ad
875 845 1010 914 aequor·

85 933 156 994 Pace
173 929 284 994 maria.
304 929 357 994 Sic
370 931 452 994 dum
470 929 611 1013 pavidos
626 929 804 994 tormidine
822 951 936 996 cervos

85 1039 212 1101 Claudat
235 1039 392 1102 odoratae
410 1046 592 1100 metuentes
612 1039 691 1098 asra
709 1053 855 1118 pennae,

85 1144 141 1204 Aut
153 1143 232 1204 dnm
245 1140 412 1224 dispositis
428 1141 558 1223 attollat
571 1137 654 1204 retia
667 1137 756 1204 varis

85 1248 245 1328 Venator„
255 1253 343 1308 tenet
358 1263 418 1307 ora
430 1242 513 1308 levis
527 1243 671 1308 clamosa
684 1241 836 1322 Molossi3

86 1353 268 1434 Spartanos,
291 1352 468 1430 Cretasque
484 1347 585 1435 ligat:
606 1368 669 1412 nec
686 1345 833 1420 creditur
852 1349 916 1412 ulli

87 1455 163 1520 Silva
175 1455 269 1542 qani,
287 1453 352 1520 nisi
369 1452 429 1536 qui
440 1472 554 1536 presso
574 1452 713 1541 vestigia
728 1462 837 1518 rostro

86 1561 222 1648 Colligit,
233 1574 275 1628 “et
291 1563 414 1645 praeda
430 1559 535 1625 nescit
553 1562 675 1625 latrare
688 1571 836 1646 reperta,

87 1669 255 1732 Contentus
271 1669 415 1735 tremulo
435 1673 632 1731 monstrasse
648 1667 771 1730 cubilia
788 1669 873 1730 loro.

84 1769 143 1834 Nec
159 1793 262 1836 mora.
283 1773 502 1855 Gomplentur
518 1773 646 1854 moles,
665 1771 829 1855 avideque
844 1771 961 1857 petitis

84 1875 184 1942 Insula
200 1878 363 1943 deseritur
379 1879 521 1962 ratibus,
542 1899 611 1961 quo
628 1889 776 1965 tempore
793 1883 918 1966 primas

85 1982 211 2068 Impulit
230 1988 274 2048 ad
294 1994 426 2050 noctem
445 1986 513 2048 iam
531 1988 589 2048 lux
608 1996 754 2050 exbema
773 1969 934 2052 tenebras·

117 2090 156 2150 At
169 2087 389 2170 Pompeianus
408 2081 541 2175 fraudes
559 2088 727 2152 innectere
740 2099 849 2176 ponto
976 2089 1035 2166 448

86 2190 218 2273 Antiqua
232 2202 327 2276 parat
347 2201 418 2255 arte
436 2191 539 2276 cilix,
560 2209 739 2277 passusque
755 2215 876 2260 vacare

85 2298 209 2364 Summa
223 2299 316 2381 freti,
329 2297 441 2362 medio
454 2299 627 2382 suspendit
645 2299 780 2363 vincula
795 2310 916 2384 ponto,

86 2407 119 2469 Et
131 2409 221 2472 taxas
239 2409 368 2472 fluitare
387 2407 482 2490 sinit,
501 2405 687 2494 religatque
705 2418 837 2472 catenas

87 2513 180 2596 Rupis
195 2518 238 2577 ab
257 2515 412 2599 Illyricae
428 2515 583 2600 scopulis.
611 2517 681 2576 Nec
697 2513 824 2595 prima,
841 2529 903 2575 nec
918 2509 995 2591 illa,

86 2615 169 2699 Quae
184 2619 348 2702 sequitur,
365 2623 492 2683 tardata
509 2617 604 2682 ratis:
618 2619 676 2680 sed
693 2615 789 2680 tertia
807 2616 912 2678 moles

84 2719 201 2806 Haesit,
222 2734 255 2790 et
273 2728 316 2788 'ad
328 2735 446 2790 'cautes
463 2727 606 2790 adducto
627 2725 707 2788 lunc
724 2734 837 2790 secuta
856 2734 912 2788 est.

86 2821 272 2909 inpendent
293 2823 374 2893 caua
393 2848 472 2892 saxa
492 2829 592 2894 mari:
612 2829 806 2907 ruituraque
824 2843 956 2906 semper

85 2927 144 2994 Stat
155 2932 325 3021 (mirum)
337 2935 458 3018 moles,
475 2946 508 2998 et
524 2933 617 3003 silvis
632 2951 757 3013 aequor
777 2930 957 2992 inumbrat.

85 3039 150 3106 lluc
165 3041 285 3108 fractas
304 3045 470 3125 Aquilone
484 3051 585 3123 rates,
603 3042 837 3117 submersaque
854 3043 976 3118 pontus

86 3148 223 3234 Corpora
239 3171 336 3234 saepe
355 3150 445 3233 tulit,
466 3147 636 3228 caecisque
653 3142 825 3208 abscondit
841 3141 880 3204 in
896 3137 1015 3203 antris:

86 3251 230 3320 Restituit
244 3267 356 3340 raptus
371 3267 491 3319 tectum
510 3272 615 3337 mare,
634 3269 776 3332 cumque
794 3269 955 3314 cavernae

87 3356 262 3426 Evomuere
276 3363 415 3444 irenam,
434 3361 577 3426 contorti
597 3358 730 3422 vorticis
746 3359 855 3419 undae

87 3447 392 3530 Tauromenitanam
408 3465 548 3527 vincunt
562 3464 692 3526 fervore
708 3458 914 3542 Charybdin.
987 3483 993 3492 ·

86 3561 142 3628 llic
156 3563 362 3653 Opiterginis
376 3569 480 3630 moles
499 3577 636 3631 onerata
650 3564 776 3628 colonis
845 3605 846 3612 κ

89 3671 251 3737 Constitit-a
266 3677 353 3740 banc
365 3673 458 3736 omni
471 3691 598 3756 puppes
612 3672 751 3736 statione
767 3673 894 3736 solutae

91 3770 278 3858 Circueunq
301 3776 361 3842 alii
377 3797 476 3860 rupes
493 3795 535 3844 ao
545 3775 642 3840 litora
657 3776 833 3859 complent.
