2788 4880
363 391 402 454 6²
617 375 1056 466 Pannonius:
1133 387 1276 470 ‚naen

361 521 427 594 Sed
439 527 468 594 si
484 521 573 594 noim
586 545 659 592 eam
676 528 819 593 tlitnissis¹
837 529 982 615 degener
993 526 1109 609 mmm,

309 691 313 700 .
360 635 457 715 Tunc
467 633 551 696 mihi
562 642 648 708 tecta
655 643 779 715 patent.
796 634 867 694 Iam
880 652 948 696 non
966 634 1139 696 excludere
1154 640 1298 716 tantum,

362 737 534 822 Inclusisse
552 715 680 800 volunt
698 737 740 800 At
750 736 840 800 enim
857 733 1010 822 contagia
1028 734 1110 798 belli

251 843 259 862 “
360 845 443 908 Dira
455 844 582 930 fugent.
600 839 728 904 Dabitis
740 861 863 931 poenas
874 860 936 922 pro
955 841 1170 924 pacepetitn:
1224 829 1228 832 ’

359 951 401 1012 Et
413 948 498 1012 nihil
516 967 585 1030 esse
601 965 677 1008 meo
692 944 822 1010 discetis
839 944 940 1010 nutius
956 965 1059 1028 aevo,
1325 937 1334 956 '

360 1057 470 1140 Quam
479 1054 623 1122 duceme
629 1051 765 1114 bellum.
774 1051 826 1114 Sic
832 1059 1007 1134 postquam
1018 1051 1118 1134 fatus,
1128 1052 1170 1114 ad
1179 1053 1299 1115 urbem

360 1157 460 1218 Haud
471 1153 633 1236 trepidam
643 1152 805 1216 convertit
813 1153 889 1216 iter:
902 1164 973 1218 tum
983 1154 1115 1216 moenia
1125 1155 1236 1240 clausa

361 1259 546 1342 (dornspick,
564 1269 597 1322 et
615 1260 714 1322 densa
729 1259 888 1322 iuvenum
902 1261 1024 1326 uallata
1042 1279 1175 1322 corona.

401 1362 501 1424 Haud
514 1362 631 1442 procul
641 1379 661 1420 a
670 1360 773 1426 muris
787 1362 934 1427 tumulus
944 1359 1107 1446 surgentis
1122 1358 1158 1422 in
1171 1361 1278 1422 altum

359 1466 516 1548 Telluris,
532 1485 673 1550 parvum
690 1463 810 1532 diffuso
828 1467 951 1530 vertice
967 1487 1121 1550 campum

359 1573 525 1657 Explicat:
540 1574 621 1636 haec
635 1572 763 1654 patiens
775 1575 877 1659 longo
892 1573 1077 1638 munimine
1091 1573 1181 1660 cingi

359 1676 439 1741 Visa
454 1675 531 1742 duci
543 1697 658 1759 rupes,
674 1678 814 1758 tutisque
833 1678 1141 1760 aptissimacastr'is.

358 1780 512 1844 Proxima
528 1802 604 1862 pars
615 1781 706 1844 urbis
722 1784 842 1844 celsam
857 1782 1025 1868 consurgit
1043 1763 1083 1844 in
1096 1801 1224 1863 arcem,

358 1890 576 1970 Partumulo‚
592 1887 774 1968 mediisque
785 1889 908 1950 sedent
919 1887 1124 1950 convallibus
1143 1906 1234 1950 arva.

357 1987 452 2054 Tune
470 2011 527 2069 res,
541 1991 702 2053 humenso
717 1989 842 2072 placuit
863 1999 986 2052 statura
1006 1991 1140 2072 labore,

357 2095 485 2180 Aggere
502 2090 647 2156 diversos
659 2103 750 2156 vasto
766 2089 968 2154 committere
988 2095 1098 2170 colles.
1256 2095 1320 2158 382

358 2196 422 2260 Sed
439 2196 531 2280 prius
546 2205 715 2276 attotam,
734 2215 800 2276 qua
815 2177 902 2257 terra
918 2194 1080 2282 cingitur,
1097 2193 1214 2260 urbem
1278 2271 1282 2282 .

359 2302 546 2384 Clauderet,
564 2299 736 2365 asummis
752 2299 908 2382 produxit
926 2302 970 2361 ad
989 2321 1135 2382 aequora
1147 2301 1263 2368 castris

358 2404 510 2488 Longdm
523 2404 641 2488 Caesar
657 2419 755 2484 opus,
772 2403 943 2481 fontesque
956 2412 988 2465 et
1006 2403 1130 2486 pabula
1145 2402 1256 2486 campi

357 2505 537 2594 Amplexus
554 2510 656 2589 fossa,
675 2507 791 2570 densas
812 2507 961 2596 tollentia
975 2507 1095 2590 pinnas

358 2615 559 2700 cespitibus,
583 2616 750 2695 crudaque
767 2614 924 2706 exstruxit
940 2613 1075 2678 brachia
1096 2625 1193 2680 terra.

397 2722 556 2788 lamentis
568 2724 633 2798 hoe
650 2721 769 2784 Graiae
784 2706 1036 2784 memorandum
1046 2723 1184 2808 contigit
1196 2722 1274 2786 urbi
1284 2772 1310 2807 ,¹

357 2833 600 2910 Aeternumque
609 2829 725 2910 decus,
738 2829 828 2909 quod
843 2847 911 2890 non
921 2826 1082 2908 impulsa,
1100 2847 1207 2908 neque
1217 2827 1295 2912 ipso

357 2940 463 3006 Strata
472 2947 577 3020 metu,
598 2937 703 3002 tenuit
715 2936 881 3023 flagrantis
895 2937 932 2998 in
950 2935 1063 2998 omnia
1082 2935 1162 3000 belli
1184 2917 1190 2926 ¹

358 3041 574 3126 Praecipitem
586 3062 736 3105 cursum:
757 3039 923 3122 raptisque
941 3059 961 3100 a
981 3041 1117 3104 Caesare
1136 3040 1283 3124 eunctis,

358 3148 511 3212 Vincitur
522 3165 590 3210 una
607 3165 711 3208 mora.
732 3148 899 3228 Quantum
910 3154 971 3225 est,
983 3165 1050 3224 quo
1066 3146 1132 3208 fata
1143 3152 1318 3218 tenentur!

243 3271 249 3282 ·
320 3239 326 3245 ’
359 3253 500 3336 Quoque
514 3249 623 3312 virum
638 3251 698 3312 toti
715 3268 896 3331 properans
910 3249 1082 3330 imponere
1095 3253 1243 3350 mundo⁸
1266 3297 1270 3308 ,

359 3359 429 3419 Hos
445 3355 553 3438 perdit
569 3358 713 3417 Fortuna
727 3355 812 3416 dies!
831 3357 924 3416 Tunc
940 3352 1053 3418 omnia
1072 3357 1136 3418 late
1144 3357 1157 3366 ”
1266 3341 1275 3412 ’.

360 3462 584 3524 Procumbunt
594 3479 747 3540 nemora,
765 3469 797 3520 et
812 3459 996 3541 spoliantur
1005 3463 1123 3536 robore
1140 3461 1264 3544 silvaeg

360 3559 419 3638 Ut,
433 3578 510 3620 cum
526 3569 611 3621 terra
626 3559 708 3622 levis
727 3560 870 3622 mediam
884 3559 1093 3646 virgultaque
1107 3564 1231 3624 molem

358 3661 579 3745 Suspendant,
594 3671 714 3726 structa
727 3663 867 3726 laterum
888 3681 1045 3749 compage
1064 3663 1201 3748 ligatam

273 3777 276 3784 ⁴
360 3769 449 3828 Artet
467 3768 620 3857 humum,
643 3787 771 3850 pressus
789 3788 832 3834 ne
852 3769 945 3848 cedat
959 3767 1101 3832 turribus
1118 3787 1227 3854 agger.
