2788 4880
383 421 424 486 ss
609 414 1078 488 reclusa-ursa
1126 417 1130 424 ’
1174 417 1298 494 usn.

424 564 495 628 Iam
506 560 623 628 domiti
636 581 759 624 cessere
773 561 889 623 dueesr
909 559 1066 640 pacisque
1078 559 1240 642 petendae

384 669 506 731 Auctor
519 664 680 728 damnatis
694 666 834 747 supplex
852 663 1004 728 Afranius
1025 661 1143 750 unu,

384 771 598 838 Semianimes
614 771 649 833 in
665 780 771 843 castra
788 772 919 834 trahem
934 767 1066 832 hostilia
1080 777 1223 848 turmas,

385 877 526 942 Victoris
537 877 625 940 stetit
633 885 717 938 'ante
731 877 840 960 pedes.
857 877 991 942 Servata
1007 874 1157 957 precanti

385 985 552 1065 Maiestas,
565 1003 633 1048 non
648 983 751 1047 fracta
768 982 881 1065 malis,
898 982 1050 1062 interque
1063 979 1210 1062 priorem

384 1095 579 1173 Fortunam,
595 1111 752 1171 casusque
764 1109 883 1170 novos,
893 1087 978 1175 gerit
990 1086 1105 1150 omnia
1122 1083 1215 1167 victi,
1316 1135 1318 1140 a

384 1195 450 1260 Sed
462 1193 570 1276 ducis,
589 1192 763 1256 streniam
776 1211 891 1255 securo
905 1200 1038 1273 pectore
1051 1187 1165 1272 poscit.

385 1301 421 1364 Si
435 1322 489 1365 me
501 1299 658 1387 degeneri
669 1297 858 1361 stravissent
871 1296 1015 1360 ietasub
1028 1296 1135 1375 hoste,

385 1411 460 1472 Non
477 1411 588 1472 deerat
603 1406 697 1472 tortis
714 1407 876 1490 rapiendo
893 1408 1025 1470 dextera
1038 1407 1125 1494 leto:

385 1511 428 1572 At
444 1531 533 1574 nunc
548 1529 646 1588 causa
656 1509 740 1573 mihi
755 1519 801 1573 cst
811 1511 956 1574 orandae
972 1512 1042 1573 sola
1055 1510 1188 1592 salutis,

268 1679 271 1684 ,
385 1613 534 1700 Dignum
548 1617 720 1696 donanda,
738 1617 874 1695 Caesar,
893 1623 925 1676 te
941 1616 1075 1678 credere
1087 1615 1165 1680 vita.

385 1720 460 1782 Non
476 1709 578 1802 partis
595 1717 712 1782 studiis
729 1717 877 1804 agimur,
888 1739 950 1780 nec
961 1717 1138 1782 sumsimus
1147 1735 1240 1782 arma

387 1823 543 1888 Consiliis
554 1821 692 1886 inimica
704 1823 777 1886 tuis.
797 1826 863 1885 Nos
875 1823 1018 1904 denique
1031 1824 1156 1888 bellum

384 1925 517 1990 Invenit
532 1925 629 1992 civile
641 1928 756 1990 duces:
773 1946 955 2008 causaeque
969 1925 1095 2008 priori,

319 2037 323 2044 “
385 2033 476 2094 Dum
485 2031 613 2122 potuit,
631 2041 758 2096 servata
768 2030 863 2096 fidess
886 2032 933 2096 nil
946 2031 1012 2097 fatu
1030 2051 1211 2096 moramur.
1287 2013 1289 2017 ⁸

295 2131 300 2141 “
386 2137 561 2200 Tradimus
576 2138 754 2221 Hesperiae
768 2149 899 2224 gentes,
918 2135 1085 2220 aperimus
1103 2139 1205 2220 ans,
1276 2135 1331 2220 359ι
1366 2215 1369 2224 .

385 2243 611 2325 Securumque
622 2245 712 2307 orbis
724 2245 869 2330 patimur
878 2254 953 2327 post
968 2253 1061 2331 terga
1072 2243 1190 2310 relicti.

385 2350 454 2442 Nec
464 2369 562 2412 cruor
577 2345 835 2433 effumscampis
849 2350 910 2413 tihi
927 2352 1017 2414 bella
1033 2351 1181 2436 peregit,

385 2456 454 2522 Nec
466 2457 607 2535 ferrum,
620 2455 787 2539 lassaeque
799 2479 928 2522 manus.
944 2463 1018 2524 Hoc
1026 2460 1175 2524 hostibus
1189 2479 1301 2542 uuum,

386 2563 487 2646 Quod
496 2563 623 2644 vincas,
637 2563 769 2653 ignosce
780 2562 853 2627 tuis.
866 2567 933 2629 Nec
948 2587 1069 2655 magna
1081 2577 1248 2650 petuntur.

387 2665 466 2729 Otia
478 2670 521 2730 da
538 2667 642 2749 fessis,
658 2668 761 2732 vitam
774 2669 908 2751 patiaris
922 2670 1066 2736 inermes

386 2775 534 2860 Degere,
549 2795 649 2856 quam
669 2771 801 2839 tribuis:
817 2775 941 2858 campis
956 2783 1119 2858 prostrata
1132 2775 1241 2840 iacere

386 2878 530 2965 Agmina
544 2887 655 2944 nostra
674 2867 794 2963 putest'
804 2899 866 2943 nec
881 2877 971 2944 euim
987 2880 1139 2944 felicibus
1149 2879 1253 2946 ‘ermis
1374 2927 1375 2969 ,

386 2985 519 3062 Misceri
533 2988 688 3050 mutuata
706 2989 816 3068 decet,
835 2996 1028 3069 partemque
1047 2985 1208 3070 triumphi

387 3080 520 3173 Capto(
522 3092 608 3156 ferre
623 3091 689 3156 tuis
708 3095 804 3156 turba
821 3095 902 3156 haec
917 3111 977 3156 sua
988 3091 1056 3156 tata
1070 3092 1208 3178 peregit.

281 3243 294 3262 .
387 3195 460 3259 Hoc
471 3194 628 3276 petimus,
640 3194 745 3258 victos
761 3216 803 3258 ne
819 3204 927 3258 tecum
942 3195 1075 3261 vincere
1089 3215 1197 3282 cogas.

429 3297 573 3364 Dixerat.
589 3302 631 3362 At
644 3300 749 3364 facilis
765 3304 899 3378 Caesar,
915 3303 1077 3382 vultuque
1089 3321 1225 3366 serenus

388 3404 562 3485 Flectitur,
574 3414 673 3486 atque
688 3425 785 3468 usum
797 3404 894 3485 belli,
911 3425 1119 3487 poenamque
1135 3405 1278 3470 remittit.

389 3505 435 3570 Ut
451 3502 597 3584 primum
614 3504 718 3570 iustae
729 3506 930 3587 placuerunt.
937 3507 1073 3572 foedera.
1079 3507 1187 3592 pacis,

389 3609 607 3678 Incustoditos
623 3611 767 3676 decurrit
782 3611 876 3678 miles
889 3614 932 3676 ad
942 3633 1075 3696 amnes,
1371 3669 1372 3680 ,

390 3712 557 3784 incumbit
569 3713 899 3798 ripis,permissaque
914 3717 1053 3784 flumina
1066 3720 1185 3782 turbat.

390 3816 573 3886 Continuus
587 3821 700 3892 multis
712 3821 896 3896 subitarum
908 3832 1028 3890 tractus
1040 3841 1204 3908 aqttarttm
1362 3805 1368 3817 ’
