2788 4880
367 406 408 470 9⁰
626 328 1068 444 runnsnntntt
1163 381 1284 458 matii.

365 519 517 586 Vulteius
532 517 643 584 tacitas
661 518 762 584 sensit
774 521 840 583 sub
854 517 984 606 gurgite
997 519 1145 584 fraudere

366 627 443 687 Dux
452 633 526 710 erat
540 623 599 686 ille
607 623 705 687 ratis:
718 623 841 686 trustra
857 623 916 704 qui
937 623 1070 686 vincula
1088 621 1178 702 ferro

364 733 534 813 Rumpere
547 738 698 810 oonatrrs,
718 727 824 812 poscit
836 747 895 813 spe
912 729 1041 812 proelia
1054 729 1165 810 nulla,

364 833 513 896 Incertus
526 849 593 911 qua
610 840 701 917 terga
719 831 831 914 deret,
851 850 917 910 qua
933 841 1068 914 pectora
1087 833 1189 896 bello.

364 941 439 1002 Hoc
452 948 561 1014 temen
574 935 610 1000 in
623 954 716 1017 casu,
734 944 897 1015 quantum
912 936 1074 1018 deprensa
1089 936 1236 1016 valebat,

365 1035 482 1104 Effecit
490 1033 612 1102 virtuss
630 1037 718 1100 inter
736 1045 784 1099 tot
795 1036 901 1100 millia
921 1047 1036 1120 captae

366 1144 579 1208 Circumfusa
591 1140 671 1222 rati,
686 1149 719 1204 et
734 1140 867 1222 plenam
885 1140 944 1202 vix
958 1140 1038 1204 inde
1053 1140 1242 1221 cohortem,

364 1253 483 1336 Pugna
497 1248 576 1330 fuit,
594 1263 663 1310 non
678 1247 779 1333 longa
797 1245 951 1326 quidem:
975 1263 1056 1308 nam
1072 1244 1220 1308 condidit
1232 1255 1300 1308 atra

364 1359 439 1420 Nox
451 1359 559 1420 lucem
573 1353 726 1435 dubiam,
739 1371 921 1436 pacemque
934 1352 1080 1414 habuere
1100 1353 1265 1414 tenebrae.

365 1465 461 1526 Tunc
477 1461 525 1524 sic
535 1460 725 1542 attonitam,
742 1467 948 1539 venturaque
961 1458 1029 1520 iata
1041 1467 1218 1542 paventem

295 1563 298 1568 ’
365 1568 464 1632 Rexit
478 1566 690 1654 magnanima
700 1563 860 1648 ¹Vulteius
879 1585 963 1628 voce
977 1566 1161 1630 cohortem:

365 1671 503 1750 Libera,
513 1690 586 1746 non
605 1672 691 1732 ultra
701 1689 805 1752 parva
819 1689 921 1750 quam
937 1679 1049 1752 nocte,
1068 1670 1241 1754 iuventus,

367 1773 536 1840 Consulite
551 1773 703 1838 extremis
718 1783 858 1860 angrnto
870 1773 908 1836 in
923 1783 1071 1856 tempore
1086 1775 1197 1840 rebus·

366 1877 444 1942 Vita
457 1877 566 1942 brevis
579 1877 666 1942 nulli
677 1888 842 1961 superest,
859 1877 919 1958 qui
935 1888 1064 1961 tempus
1075 1878 1113 1942 i’n
1127 1878 1187 1942 illa

368 1983 586 2071 Quaerendae
603 1982 671 2046 sibi
682 1981 798 2046 mortis
809 1983 925 2046 haben
942 2001 1004 2046 nec
1021 1981 1129 2068 gloria
1149 1981 1208 2048 leti

366 2091 529 2168 Inferior,
545 2079 693 2184 iurares,
711 2091 846 2152 admoto
857 2083 1032 2155 'occurrere
1045 2087 1126 2150 lato.
1203 2155 1210 2168 ¹
1263 2085 1316 2160 480

368 2197 535 2259 Omnibus
543 2195 670 2260 incerto
688 2205 846 2264 venturae
862 2203 1010 2277 tempore
1028 2193 1115 2257 vitae

367 2302 433 2362 Par
445 2299 551 2364 animi
559 2303 633 2364 laus
647 2309 710 2383 est,
728 2309 760 2364 et
774 2319 858 2381 quos
869 2299 1051 2382 speraveris
1066 2317 1172 2364 arrnos

367 2397 524 2485 Perdere,
536 2411 568 2464 et
579 2414 961 2472 extremaemomentum
969 2405 1169 2488 abrumpere
1179 2405 1275 2486 lucis,
1379 2435 1380 2446 ¹

368 2512 612 2576 croeso-dum
624 2511 692 2576 fata
702 2532 822 2576 manu:
840 2529 909 2574 non
922 2510 1052 2596 cogitur
1065 2511 1154 2576 ullus

368 2615 466 2700 Velle
477 2615 574 2678 mori.
585 2618 678 2702 Fuge
687 2616 784 2680 nulla
790 2625 896 2698 patet:
911 2617 1154 2699 stantundique
1165 2617 1282 2684 nostris

369 2720 491 2785 Intenti
505 2722 592 2786 cives
604 2723 738 2808 iugulis.
754 2723 929 2788 Decernite
941 2725 1062 2806 letum,
1087 2769 1088 2772 ,

330 2844 333 2849 ’
370 2823 1307 2918 Etmetusomnisabest:cupiasquodcunquenecesseest'

370 2930 447 2994 Non
460 2929 616 2994 tamenin
631 2952 727 2996 caeca
737 2933 902 2999 bellorum
913 2935 1002 2998 nube
1010 2937 1196 3000 cadendum
1206 2945 1268 3018 est,

370 3033 416 3093 Ut
434 3053 510 3099 cum
525 3033 695 3116 permixtis
708 3034 794 3100 acies
806 3057 865 3100 sua
882 3038 948 3100 tela
963 3037 1107 3102 tenebris

371 3137 561 3202 involvunt.
577 3142 734 3204 Conserta
747 3141 855 3206 iacent
876 3135 951 3206 cum
969 3162 1109 3228 corpora
1129 3163 1262 3228 campo,

371 3241 413 3302 In
428 3242 576 3304 medium
589 3264 677 3310 mors
690 3245 799 3316 omnis
813 3239 901 3312 ¹abit:
921 3248 1007 3332 perit
1026 3247 1146 3314 ‘obruta
1160 3251 1271 3316 virtus·

259 3377 263 3384 ·
371 3350 439 3410 Nos
454 3347 491 3410 in
510 3349 687 3432 conspicua
701 3352 797 3416 sociis
816 3354 968 3435 hostique
981 3356 1096 3432 carina

374 3453 579 3518 Constituere
594 3455 666 3518 Dei.
687 3459 895 3520 Praebebunt
908 3477 1052 3538 aequora
1071 3469 1180 3543 testes,
1222 3489 1226 3500 ’

373 3557 582 3620 Praebebunt
596 3569 715 3642 terrae,
730 3560 867 3624 summis
883 3561 1097 3628 dabitinsuln'
1114 3563 1218 3628 saxis:

374 3659 574 3751 Spectabunt
591 3661 923 3747 geminaexdiversoe
940 3664 1036 3728 litore
1049 3673 1168 3748 partes.

375 3763 491 3828 Nescio
503 3766 593 3846 quod
603 3767 721 3834 nostris
731 3788 891 3855 magnum
901 3781 934 3833 et
947 3770 1162 3839 memorabile
1174 3770 1249 3836 latis
