<?xml version="1.0" encoding="UTF-8"?>
<!DOCTYPE html PUBLIC "-//W3C//DTD XHTML 1.0 Transitional//EN"
    "http://www.w3.org/TR/xhtml1/DTD/xhtml1-transitional.dtd">
<html xmlns="http://www.w3.org/1999/xhtml" xml:lang="en" lang="en">
 <head>
  <title>
</title>
<meta http-equiv="Content-Type" content="text/html;charset=utf-8" />
  <meta name='ocr-system' content='tesseract 3.04.00' />
  <meta name='ocr-capabilities' content='ocr_page ocr_carea ocr_par ocr_line ocrx_word'/>
</head>
<body>
  <div class='ocr_page' id='page_1' title='image "./marciannaeiluca00bipogoog_0231.png"; bbox 0 0 2790 4874; ppageno 0'>
   <div class='ocr_carea' id='block_1_1' title="bbox 321 371 1234 480">
    <p class='ocr_par' dir='ltr' id='par_1_1' title="bbox 321 371 1234 480">
     <span class='ocr_line' id='line_1_1' title="bbox 321 371 1234 480; baseline -0.037 -16"><span class='ocrx_word' id='word_1_1' title='bbox 321 401 379 464; x_wconf 83' lang='lat' dir='ltr'>rtlo</span> <span class='ocrx_word' id='word_1_2' title='bbox 578 375 1019 480; x_wconf 69' lang='lat' dir='ltr'>PHARSAIIAI&#39;.</span> <span class='ocrx_word' id='word_1_3' title='bbox 1117 371 1234 449; x_wconf 64' lang='lat' dir='ltr'>mlo.</span> 
     </span>
    </p>
   </div>
   <div class='ocr_carea' id='block_1_2' title="bbox 196 520 1292 3665">
    <p class='ocr_par' dir='ltr' id='par_1_2' title="bbox 196 520 1184 838">
     <span class='ocr_line' id='line_1_2' title="bbox 316 520 1182 626; baseline -0.038 -12"><span class='ocrx_word' id='word_1_4' title='bbox 316 546 480 614; x_wconf 86' lang='lat' dir='ltr'>Sustineat</span> <span class='ocrx_word' id='word_1_5' title='bbox 502 539 646 626; x_wconf 87' lang='lat' dir='ltr'>pretium</span> <span class='ocrx_word' id='word_1_6' title='bbox 665 532 747 600; x_wconf 89' lang='lat' dir='ltr'>belli</span> <span class='ocrx_word' id='word_1_7' title='bbox 764 529 993 606; x_wconf 88' lang='lat' dir='ltr'>scelerumque</span> <span class='ocrx_word' id='word_1_8' title='bbox 1015 520 1182 606; x_wconf 75' lang='lat' dir='ltr'>petentes?</span> 
     </span>
     <span class='ocr_line' id='line_1_3' title="bbox 319 635 1184 730; baseline -0.037 -8"><span class='ocrx_word' id='word_1_9' title='bbox 319 657 409 722; x_wconf 81' lang='lat' dir='ltr'>Scire</span> <span class='ocrx_word' id='word_1_10' title='bbox 430 659 548 730; x_wconf 89' lang='lat' dir='ltr'>ruunt,</span> <span class='ocrx_word' id='word_1_11' title='bbox 568 651 692 728; x_wconf 87' lang='lat' dir='ltr'>quanta</span> <span class='ocrx_word' id='word_1_12' title='bbox 709 637 834 704; x_wconf 79' lang='lat' dir='ltr'>tuerint</span> <span class='ocrx_word' id='word_1_13' title='bbox 851 635 1003 698; x_wconf 85' lang='lat' dir='ltr'>mercede</span> <span class='ocrx_word' id='word_1_14' title='bbox 1021 635 1184 694; x_wconf 73' lang='lat' dir='ltr'><strong>nocentes.</strong></span> 
     </span>
     <span class='ocr_line' id='line_1_4' title="bbox 196 731 1095 838; baseline -0.051 -1"><span class='ocrx_word' id='word_1_15' title='bbox 196 777 200 788; x_wconf 90' lang='lat'>&#39;</span> <span class='ocrx_word' id='word_1_16' title='bbox 317 769 479 829; x_wconf 81' lang='lat' dir='ltr'>Invenere</span> <span class='ocrx_word' id='word_1_17' title='bbox 495 756 630 838; x_wconf 89' lang='lat' dir='ltr'>quidem</span> <span class='ocrx_word' id='word_1_18' title='bbox 647 735 790 831; x_wconf 80' lang='lat' dir='ltr'>spoliato</span> <span class='ocrx_word' id='word_1_19' title='bbox 805 735 950 824; x_wconf 88' lang='lat' dir='ltr'>plurima</span> <span class='ocrx_word' id='word_1_20' title='bbox 968 731 1095 794; x_wconf 89' lang='lat' dir='ltr'>mundo</span> 
     </span>
    </p>

    <p class='ocr_par' dir='ltr' id='par_1_3' title="bbox 299 842 1292 3356">
     <span class='ocr_line' id='line_1_5' title="bbox 316 842 1196 938; baseline -0.044 1"><span class='ocrx_word' id='word_1_21' title='bbox 316 873 483 938; x_wconf 88' lang='lat' dir='ltr'>Bellorum</span> <span class='ocrx_word' id='word_1_22' title='bbox 500 863 537 926; x_wconf 91' lang='lat' dir='ltr'>in</span> <span class='ocrx_word' id='word_1_23' title='bbox 552 866 679 924; x_wconf 87' lang='lat' dir='ltr'>sumtus</span> <span class='ocrx_word' id='word_1_24' title='bbox 695 858 868 938; x_wconf 80' lang='lat' dir='ltr'>congestae</span> <span class='ocrx_word' id='word_1_25' title='bbox 888 842 1038 928; x_wconf 87' lang='lat' dir='ltr'>pondera</span> <span class='ocrx_word' id='word_1_26' title='bbox 1057 853 1196 913; x_wconf 72' lang='lat' dir='ltr'>massae:</span> 
     </span>
     <span class='ocr_line' id='line_1_6' title="bbox 314 946 1095 1054; baseline -0.051 -12"><span class='ocrx_word' id='word_1_27' title='bbox 314 980 383 1054; x_wconf 68' lang='lat' dir='ltr'>,Sed</span> <span class='ocrx_word' id='word_1_28' title='bbox 397 993 467 1038; x_wconf 89' lang='lat' dir='ltr'>nou</span> <span class='ocrx_word' id='word_1_29' title='bbox 483 963 636 1051; x_wconf 83' lang='lat' dir='ltr'>implevit</span> <span class='ocrx_word' id='word_1_30' title='bbox 651 956 819 1042; x_wconf 87' lang='lat' dir='ltr'>cupientes</span> <span class='ocrx_word' id='word_1_31' title='bbox 835 946 950 1014; x_wconf 85' lang='lat' dir='ltr'>omnia</span> <span class='ocrx_word' id='word_1_32' title='bbox 969 949 1095 1006; x_wconf 86' lang='lat' dir='ltr'>mentes</span> 
     </span>
     <span class='ocr_line' id='line_1_7' title="bbox 318 1039 1278 1168; baseline -0.043 -24"><span class='ocrx_word' id='word_1_33' title='bbox 318 1075 490 1168; x_wconf 75' lang='lat' dir='ltr'><strong>Quidquid</strong></span> <span class='ocrx_word' id='word_1_34' title='bbox 503 1064 719 1143; x_wconf 87' lang='lat' dir='ltr'>fodit-Hiber,</span> <span class='ocrx_word' id='word_1_35' title='bbox 736 1051 901 1138; x_wconf 88' lang='lat' dir='ltr'>quidquid</span> <span class='ocrx_word' id='word_1_36' title='bbox 917 1051 1028 1133; x_wconf 81' lang='lat' dir='ltr'><strong>Tagus</strong></span> <span class='ocrx_word' id='word_1_37' title='bbox 1045 1041 1173 1126; x_wconf 85' lang='lat' dir='ltr'>expulit</span> <span class='ocrx_word' id='word_1_38' title='bbox 1188 1039 1278 1128; x_wconf 85' lang='lat' dir='ltr'>auri,</span> 
     </span>
     <span class='ocr_line' id='line_1_8' title="bbox 318 1147 1197 1272; baseline -0.047 -23"><span class='ocrx_word' id='word_1_39' title='bbox 318 1179 484 1272; x_wconf 80' lang='lat' dir='ltr'>Quodque</span> <span class='ocrx_word' id='word_1_40' title='bbox 499 1171 579 1260; x_wconf 85' lang='lat' dir='ltr'>legit</span> <span class='ocrx_word' id='word_1_41' title='bbox 597 1168 688 1246; x_wconf 81' lang='lat' dir='ltr'>dives</span> <span class='ocrx_word' id='word_1_42' title='bbox 708 1158 847 1226; x_wconf 86' lang='lat' dir='ltr'>summis</span> <span class='ocrx_word' id='word_1_43' title='bbox 865 1153 1057 1234; x_wconf 75' lang='lat' dir='ltr'><strong>Arimaspus</strong></span> <span class='ocrx_word' id='word_1_44' title='bbox 1076 1147 1197 1212; x_wconf 76' lang='lat' dir='ltr'>arenis</span> 
     </span>
     <span class='ocr_line' id='line_1_9' title="bbox 318 1253 1175 1365; baseline -0.044 -14"><span class='ocrx_word' id='word_1_45' title='bbox 318 1289 363 1350; x_wconf 88' lang='lat' dir='ltr'>Ilt</span> <span class='ocrx_word' id='word_1_46' title='bbox 380 1281 511 1365; x_wconf 84' lang='lat' dir='ltr'>rapiant</span> <span class='ocrx_word' id='word_1_47' title='bbox 527 1291 631 1358; x_wconf 86' lang='lat' dir='ltr'>parvo</span> <span class='ocrx_word' id='word_1_48' title='bbox 650 1267 756 1334; x_wconf 89' lang='lat' dir='ltr'>scelus</span> <span class='ocrx_word' id='word_1_49' title='bbox 771 1266 836 1326; x_wconf 89' lang='lat' dir='ltr'>hoc</span> <span class='ocrx_word' id='word_1_50' title='bbox 852 1253 979 1323; x_wconf 86' lang='lat' dir='ltr'>venisse</span> <span class='ocrx_word' id='word_1_51' title='bbox 994 1255 1175 1341; x_wconf 88' lang='lat' dir='ltr'>putabunt,</span> 
     </span>
     <span class='ocr_line' id='line_1_10' title="bbox 319 1357 1139 1459; baseline -0.04 -9"><span class='ocrx_word' id='word_1_52' title='bbox 319 1389 404 1450; x_wconf 88' lang='lat' dir='ltr'>Cum</span> <span class='ocrx_word' id='word_1_53' title='bbox 424 1380 488 1446; x_wconf 85' lang='lat' dir='ltr'>sibi</span> <span class='ocrx_word' id='word_1_54' title='bbox 503 1373 659 1459; x_wconf 89' lang='lat' dir='ltr'>Tarpeias</span> <span class='ocrx_word' id='word_1_55' title='bbox 678 1369 784 1432; x_wconf 78' lang='lat' dir='ltr'>victor</span> <span class='ocrx_word' id='word_1_56' title='bbox 803 1357 1014 1446; x_wconf 78' lang='lat' dir='ltr'>desponderit</span> <span class='ocrx_word' id='word_1_57' title='bbox 1033 1362 1139 1432; x_wconf 67' lang='lat' dir='ltr'>artess</span> 
     </span>
     <span class='ocr_line' id='line_1_11' title="bbox 319 1453 1177 1569; baseline -0.04 -15"><span class='ocrx_word' id='word_1_58' title='bbox 319 1493 406 1554; x_wconf 89' lang='lat' dir='ltr'>Cum</span> <span class='ocrx_word' id='word_1_59' title='bbox 417 1505 476 1569; x_wconf 88' lang='lat' dir='ltr'>spe</span> <span class='ocrx_word' id='word_1_60' title='bbox 498 1485 667 1546; x_wconf 80' lang='lat' dir='ltr'>Romanae</span> <span class='ocrx_word' id='word_1_61' title='bbox 685 1453 873 1558; x_wconf 77' lang='lat' dir='ltr'>promiserit</span> <span class='ocrx_word' id='word_1_62' title='bbox 890 1463 1003 1529; x_wconf 89' lang='lat' dir='ltr'>omnia</span> <span class='ocrx_word' id='word_1_63' title='bbox 1020 1461 1177 1548; x_wconf 77' lang='lat' dir='ltr'>praedae:</span> 
     </span>
     <span class='ocr_line' id='line_1_12' title="bbox 320 1562 1237 1674; baseline -0.036 -18"><span class='ocrx_word' id='word_1_64' title='bbox 320 1588 508 1674; x_wconf 79' lang='lat' dir='ltr'>Decipitur,</span> <span class='ocrx_word' id='word_1_65' title='bbox 531 1581 622 1663; x_wconf 91' lang='lat' dir='ltr'>quod</span> <span class='ocrx_word' id='word_1_66' title='bbox 642 1587 746 1642; x_wconf 88' lang='lat' dir='ltr'>castra</span> <span class='ocrx_word' id='word_1_67' title='bbox 767 1570 864 1656; x_wconf 81' lang='lat' dir='ltr'>rapit.</span> <span class='ocrx_word' id='word_1_68' title='bbox 887 1565 982 1650; x_wconf 82' lang='lat' dir='ltr'>Capit</span> <span class='ocrx_word' id='word_1_69' title='bbox 1002 1562 1116 1648; x_wconf 61' lang='lat' dir='ltr'>impia?</span> <span class='ocrx_word' id='word_1_70' title='bbox 1125 1563 1237 1648; x_wconf 89' lang='lat' dir='ltr'>plebes</span> 
     </span>
     <span class='ocr_line' id='line_1_13' title="bbox 299 1672 1127 1784; baseline -0.04 -17"><span class='ocrx_word' id='word_1_71' title='bbox 299 1775 301 1782; x_wconf 25' lang='lat'><strong><em>¹</em></strong></span> <span class='ocrx_word' id='word_1_72' title='bbox 321 1699 450 1784; x_wconf 89' lang='lat' dir='ltr'>Cespite</span> <span class='ocrx_word' id='word_1_73' title='bbox 467 1689 607 1778; x_wconf 86' lang='lat' dir='ltr'>patricio</span> <span class='ocrx_word' id='word_1_74' title='bbox 618 1673 773 1752; x_wconf 73' lang='lat' dir='ltr'>¹somnos:</span> <span class='ocrx_word' id='word_1_75' title='bbox 791 1687 996 1758; x_wconf 87' lang='lat' dir='ltr'>stratumque</span> <span class='ocrx_word' id='word_1_76' title='bbox 1017 1672 1127 1738; x_wconf 84' lang='lat' dir='ltr'>cubile</span> 
     </span>
     <span class='ocr_line' id='line_1_14' title="bbox 319 1778 1237 1888; baseline -0.038 -20"><span class='ocrx_word' id='word_1_77' title='bbox 319 1802 468 1888; x_wconf 80' lang='lat' dir='ltr'>Regibus</span> <span class='ocrx_word' id='word_1_78' title='bbox 485 1794 639 1860; x_wconf 82' lang='lat' dir='ltr'>infandus</span> <span class='ocrx_word' id='word_1_79' title='bbox 657 1786 753 1852; x_wconf 90' lang='lat' dir='ltr'>miles</span> <span class='ocrx_word' id='word_1_80' title='bbox 768 1781 908 1868; x_wconf 81' lang='lat' dir='ltr'>premit:</span> <span class='ocrx_word' id='word_1_81' title='bbox 930 1778 1032 1860; x_wconf 86' lang='lat' dir='ltr'>inque</span> <span class='ocrx_word' id='word_1_82' title='bbox 1044 1781 1237 1860; x_wconf 87' lang='lat' dir='ltr'>parentum,</span> 
     </span>
     <span class='ocr_line' id='line_1_15' title="bbox 319 1857 1292 1990; baseline -0.038 -17"><span class='ocrx_word' id='word_1_83' title='bbox 319 1913 426 1990; x_wconf 81' lang='lat' dir='ltr'>Inque</span> <span class='ocrx_word' id='word_1_84' title='bbox 439 1897 521 1968; x_wconf 79' lang='lat' dir='ltr'>&#39;toris</span> <span class='ocrx_word' id='word_1_85' title='bbox 536 1900 676 1964; x_wconf 82' lang='lat' dir='ltr'>fratrum</span> <span class='ocrx_word' id='word_1_86' title='bbox 694 1896 876 1976; x_wconf 86' lang='lat' dir='ltr'>posuerunt</span> <span class='ocrx_word' id='word_1_87' title='bbox 897 1886 1047 1950; x_wconf 83' lang='lat' dir='ltr'>membra</span> <span class='ocrx_word' id='word_1_88' title='bbox 1065 1889 1238 1944; x_wconf 85' lang='lat' dir='ltr'>nocentes:</span> <span class='ocrx_word' id='word_1_89' title='bbox 1290 1857 1292 1862; x_wconf 38' lang='lat'><strong>¹</strong></span> 
     </span>
     <span class='ocr_line' id='line_1_16' title="bbox 321 1989 1285 2103; baseline -0.037 -21"><span class='ocrx_word' id='word_1_90' title='bbox 321 2021 414 2103; x_wconf 76' lang='lat' dir='ltr'>Quos</span> <span class='ocrx_word' id='word_1_91' title='bbox 429 2011 531 2101; x_wconf 86' lang='lat' dir='ltr'>agitat</span> <span class='ocrx_word' id='word_1_92' title='bbox 549 2022 670 2070; x_wconf 84' lang='lat' dir='ltr'>vesana</span> <span class='ocrx_word' id='word_1_93' title='bbox 689 1998 795 2082; x_wconf 87' lang='lat' dir='ltr'>quies,</span> <span class='ocrx_word' id='word_1_94' title='bbox 815 1991 990 2072; x_wconf 88' lang='lat' dir='ltr'>somnique</span> <span class='ocrx_word' id='word_1_95' title='bbox 1007 1989 1154 2052; x_wconf 81' lang='lat' dir='ltr'>furentes</span> <span class='ocrx_word' id='word_1_96' title='bbox 1220 1990 1285 2068; x_wconf 79' lang='lat'>764</span> 
     </span>
     <span class='ocr_line' id='line_1_17' title="bbox 320 2085 1224 2216; baseline -0.035 -27"><span class='ocrx_word' id='word_1_97' title='bbox 320 2121 540 2189; x_wconf 78' lang='lat' dir='ltr'>Thessalicam</span> <span class='ocrx_word' id='word_1_98' title='bbox 562 2110 688 2178; x_wconf 84' lang='lat' dir='ltr'>miseris</span> <span class='ocrx_word' id='word_1_99' title='bbox 704 2114 836 2172; x_wconf 81' lang='lat' dir='ltr'>versant</span> <span class='ocrx_word' id='word_1_100' title='bbox 853 2105 890 2180; x_wconf 90' lang='lat' dir='ltr'>in</span> <span class='ocrx_word' id='word_1_101' title='bbox 902 2109 1040 2216; x_wconf 72' lang='lat' dir='ltr'>pectore</span> <span class='ocrx_word' id='word_1_102' title='bbox 1059 2085 1224 2186; x_wconf 80' lang='lat' dir='ltr'>pugnam.¹</span> 
     </span>
     <span class='ocr_line' id='line_1_18' title="bbox 321 2207 1170 2312; baseline -0.035 -19"><span class='ocrx_word' id='word_1_103' title='bbox 321 2225 478 2312; x_wconf 83' lang='lat' dir='ltr'>Invigilat</span> <span class='ocrx_word' id='word_1_104' title='bbox 495 2219 619 2285; x_wconf 87' lang='lat' dir='ltr'>cunctis</span> <span class='ocrx_word' id='word_1_105' title='bbox 635 2233 771 2281; x_wconf 82' lang='lat' dir='ltr'>saevum</span> <span class='ocrx_word' id='word_1_106' title='bbox 789 2207 907 2289; x_wconf 82' lang='lat' dir='ltr'>scelus,</span> <span class='ocrx_word' id='word_1_107' title='bbox 928 2223 1087 2286; x_wconf 88' lang='lat' dir='ltr'>armaque</span> <span class='ocrx_word' id='word_1_108' title='bbox 1104 2211 1170 2264; x_wconf 90' lang='lat' dir='ltr'>tota</span> 
     </span>
     <span class='ocr_line' id='line_1_19' title="bbox 321 2315 1285 2418; baseline -0.028 -17"><span class='ocrx_word' id='word_1_109' title='bbox 321 2341 432 2402; x_wconf 88' lang='lat' dir='ltr'>Mente</span> <span class='ocrx_word' id='word_1_110' title='bbox 448 2330 588 2418; x_wconf 82' lang='lat' dir='ltr'>agitant,</span> <span class='ocrx_word' id='word_1_111' title='bbox 608 2324 793 2407; x_wconf 88' lang='lat' dir='ltr'>capuloque</span> <span class='ocrx_word' id='word_1_112' title='bbox 809 2333 927 2378; x_wconf 84' lang='lat' dir='ltr'>manus</span> <span class='ocrx_word' id='word_1_113' title='bbox 943 2315 1078 2378; x_wconf 75' lang='lat' dir='ltr'>abserue</span> <span class='ocrx_word' id='word_1_114' title='bbox 1093 2317 1285 2374; x_wconf 85' lang='lat' dir='ltr'>moventur.</span> 
     </span>
     <span class='ocr_line' id='line_1_20' title="bbox 321 2423 1219 2524; baseline -0.03 -22"><span class='ocrx_word' id='word_1_115' title='bbox 321 2431 524 2524; x_wconf 69' lang='lat' dir='ltr'>Ingemuisse</span> <span class='ocrx_word' id='word_1_116' title='bbox 545 2438 660 2512; x_wconf 89' lang='lat' dir='ltr'>putem</span> <span class='ocrx_word' id='word_1_117' title='bbox 680 2440 832 2504; x_wconf 88' lang='lat' dir='ltr'>campos,</span> <span class='ocrx_word' id='word_1_118' title='bbox 856 2429 1042 2498; x_wconf 87' lang='lat' dir='ltr'>terramque</span> <span class='ocrx_word' id='word_1_119' title='bbox 1064 2423 1219 2482; x_wconf 82' lang='lat' dir='ltr'>nocentes</span> 
     </span>
     <span class='ocr_line' id='line_1_21' title="bbox 322 2527 1123 2626; baseline -0.035 -17"><span class='ocrx_word' id='word_1_120' title='bbox 322 2541 502 2626; x_wconf 84' lang='lat' dir='ltr'>Inspirasse</span> <span class='ocrx_word' id='word_1_121' title='bbox 523 2534 665 2614; x_wconf 88' lang='lat' dir='ltr'>animas,</span> <span class='ocrx_word' id='word_1_122' title='bbox 682 2529 905 2605; x_wconf 86' lang='lat' dir='ltr'>iniectumque</span> <span class='ocrx_word' id='word_1_123' title='bbox 925 2527 1123 2586; x_wconf 72' lang='lat' dir='ltr'>serstorum</span> 
     </span>
     <span class='ocr_line' id='line_1_22' title="bbox 322 2625 1199 2726; baseline -0.032 -14"><span class='ocrx_word' id='word_1_124' title='bbox 322 2644 493 2726; x_wconf 85' lang='lat' dir='ltr'>Manibus,</span> <span class='ocrx_word' id='word_1_125' title='bbox 512 2649 545 2703; x_wconf 87' lang='lat' dir='ltr'>et</span> <span class='ocrx_word' id='word_1_126' title='bbox 561 2635 676 2722; x_wconf 85' lang='lat' dir='ltr'>Stygia</span> <span class='ocrx_word' id='word_1_127' title='bbox 693 2650 847 2714; x_wconf 88' lang='lat' dir='ltr'>superam</span> <span class='ocrx_word' id='word_1_128' title='bbox 864 2625 1045 2692; x_wconf 84' lang='lat' dir='ltr'>formidine</span> <span class='ocrx_word' id='word_1_129' title='bbox 1059 2630 1199 2710; x_wconf 75' lang='lat' dir='ltr'>noctem.</span> 
     </span>
     <span class='ocr_line' id='line_1_23' title="bbox 322 2733 1048 2838; baseline -0.029 -23"><span class='ocrx_word' id='word_1_130' title='bbox 322 2749 432 2838; x_wconf 79' lang='lat' dir='ltr'>Exigit</span> <span class='ocrx_word' id='word_1_131' title='bbox 447 2767 468 2809; x_wconf 88' lang='lat' dir='ltr'>a</span> <span class='ocrx_word' id='word_1_132' title='bbox 486 2741 612 2808; x_wconf 83' lang='lat' dir='ltr'>meritis</span> <span class='ocrx_word' id='word_1_133' title='bbox 628 2738 733 2804; x_wconf 83' lang='lat' dir='ltr'>tristes</span> <span class='ocrx_word' id='word_1_134' title='bbox 750 2733 891 2798; x_wconf 77' lang='lat' dir='ltr'>victoria</span> <span class='ocrx_word' id='word_1_135' title='bbox 905 2751 1048 2816; x_wconf 73' lang='lat' dir='ltr'>poetam,</span> 
     </span>
     <span class='ocr_line' id='line_1_24' title="bbox 323 2837 1241 2936; baseline -0.026 -14"><span class='ocrx_word' id='word_1_136' title='bbox 323 2855 492 2936; x_wconf 80' lang='lat' dir='ltr'>Sibilaque</span> <span class='ocrx_word' id='word_1_137' title='bbox 511 2860 542 2916; x_wconf 89' lang='lat' dir='ltr'>et</span> <span class='ocrx_word' id='word_1_138' title='bbox 556 2851 703 2912; x_wconf 80' lang='lat' dir='ltr'>dammas</span> <span class='ocrx_word' id='word_1_139' title='bbox 716 2843 816 2907; x_wconf 86' lang='lat' dir='ltr'>infert</span> <span class='ocrx_word' id='word_1_140' title='bbox 834 2860 949 2924; x_wconf 89' lang='lat' dir='ltr'>sopor:</span> <span class='ocrx_word' id='word_1_141' title='bbox 965 2842 1085 2905; x_wconf 81' lang='lat' dir='ltr'>umbre</span> <span class='ocrx_word' id='word_1_142' title='bbox 1099 2837 1241 2920; x_wconf 88' lang='lat' dir='ltr'>peremti</span> 
     </span>
     <span class='ocr_line' id='line_1_25' title="bbox 323 2941 1220 3031; baseline -0.023 -8"><span class='ocrx_word' id='word_1_143' title='bbox 323 2958 413 3023; x_wconf 88' lang='lat' dir='ltr'>Civis</span> <span class='ocrx_word' id='word_1_144' title='bbox 430 2959 534 3019; x_wconf 82' lang='lat' dir='ltr'>adest:</span> <span class='ocrx_word' id='word_1_145' title='bbox 552 2971 611 3016; x_wconf 88' lang='lat' dir='ltr'>sua</span> <span class='ocrx_word' id='word_1_146' title='bbox 630 2967 795 3031; x_wconf 85' lang='lat' dir='ltr'>quemque</span> <span class='ocrx_word' id='word_1_147' title='bbox 814 2943 937 3028; x_wconf 85' lang='lat' dir='ltr'>premit</span> <span class='ocrx_word' id='word_1_148' title='bbox 953 2941 1086 3006; x_wconf 87' lang='lat' dir='ltr'>terroris</span> <span class='ocrx_word' id='word_1_149' title='bbox 1099 2941 1220 3026; x_wconf 85' lang='lat' dir='ltr'>imago.</span> 
     </span>
     <span class='ocr_line' id='line_1_26' title="bbox 322 3047 1204 3140; baseline -0.02 -13"><span class='ocrx_word' id='word_1_150' title='bbox 322 3067 385 3130; x_wconf 86' lang='lat' dir='ltr'>tlte</span> <span class='ocrx_word' id='word_1_151' title='bbox 401 3082 520 3126; x_wconf 77' lang='lat' dir='ltr'>senuna</span> <span class='ocrx_word' id='word_1_152' title='bbox 531 3061 657 3140; x_wconf 80' lang='lat' dir='ltr'>vultus,</span> <span class='ocrx_word' id='word_1_153' title='bbox 682 3053 842 3118; x_wconf 85' lang='lat' dir='ltr'>iuvenum</span> <span class='ocrx_word' id='word_1_154' title='bbox 862 3052 952 3114; x_wconf 83' lang='lat' dir='ltr'>videt</span> <span class='ocrx_word' id='word_1_155' title='bbox 969 3050 1028 3114; x_wconf 89' lang='lat' dir='ltr'>ille</span> <span class='ocrx_word' id='word_1_156' title='bbox 1045 3047 1204 3138; x_wconf 86' lang='lat' dir='ltr'>figuram:</span> 
     </span>
     <span class='ocr_line' id='line_1_27' title="bbox 322 3151 1148 3250; baseline -0.018 -20"><span class='ocrx_word' id='word_1_157' title='bbox 322 3169 425 3230; x_wconf 78' lang='lat' dir='ltr'>Hunc</span> <span class='ocrx_word' id='word_1_158' title='bbox 442 3163 566 3250; x_wconf 87' lang='lat' dir='ltr'>agitant</span> <span class='ocrx_word' id='word_1_159' title='bbox 583 3159 658 3224; x_wconf 88' lang='lat' dir='ltr'>totis</span> <span class='ocrx_word' id='word_1_160' title='bbox 678 3159 823 3238; x_wconf 69' lang='lat' dir='ltr'>fraterna</span> <span class='ocrx_word' id='word_1_161' title='bbox 836 3156 996 3220; x_wconf 84' lang='lat' dir='ltr'>cadavera</span> <span class='ocrx_word' id='word_1_162' title='bbox 1011 3151 1148 3216; x_wconf 87' lang='lat' dir='ltr'>somnis:</span> 
     </span>
     <span class='ocr_line' id='line_1_28' title="bbox 324 3257 1231 3356; baseline -0.017 -25"><span class='ocrx_word' id='word_1_163' title='bbox 324 3270 458 3356; x_wconf 86' lang='lat' dir='ltr'>Pectore</span> <span class='ocrx_word' id='word_1_164' title='bbox 478 3265 587 3328; x_wconf 90' lang='lat' dir='ltr'>inhoe</span> <span class='ocrx_word' id='word_1_165' title='bbox 602 3272 696 3346; x_wconf 88' lang='lat' dir='ltr'>paler</span> <span class='ocrx_word' id='word_1_166' title='bbox 709 3270 769 3340; x_wconf 76' lang='lat' dir='ltr'>est3</span> <span class='ocrx_word' id='word_1_167' title='bbox 782 3279 897 3334; x_wconf 79' lang='lat' dir='ltr'>omnes</span> <span class='ocrx_word' id='word_1_168' title='bbox 910 3257 948 3322; x_wconf 89' lang='lat' dir='ltr'>in</span> <span class='ocrx_word' id='word_1_169' title='bbox 958 3259 1094 3320; x_wconf 86' lang='lat' dir='ltr'>Caesare</span> <span class='ocrx_word' id='word_1_170' title='bbox 1107 3272 1231 3319; x_wconf 83' lang='lat' dir='ltr'>manes.</span> 
     </span>
    </p>

    <p class='ocr_par' dir='ltr' id='par_1_4' title="bbox 275 3362 1204 3665">
     <span class='ocr_line' id='line_1_29' title="bbox 275 3362 1180 3475; baseline -0.021 -37"><span class='ocrx_word' id='word_1_171' title='bbox 275 3466 277 3475; x_wconf 21' lang='lat' dir='ltr'>y</span> <span class='ocrx_word' id='word_1_172' title='bbox 323 3375 424 3436; x_wconf 87' lang='lat' dir='ltr'>Haud</span> <span class='ocrx_word' id='word_1_173' title='bbox 446 3373 529 3436; x_wconf 88' lang='lat' dir='ltr'>alios</span> <span class='ocrx_word' id='word_1_174' title='bbox 546 3371 696 3434; x_wconf 89' lang='lat' dir='ltr'>nondum</span> <span class='ocrx_word' id='word_1_175' title='bbox 715 3366 869 3450; x_wconf 87' lang='lat' dir='ltr'>Scythica</span> <span class='ocrx_word' id='word_1_176' title='bbox 889 3374 1047 3452; x_wconf 83' lang='lat' dir='ltr'>purgatus</span> <span class='ocrx_word' id='word_1_177' title='bbox 1064 3362 1102 3426; x_wconf 88' lang='lat' dir='ltr'>in</span> <span class='ocrx_word' id='word_1_178' title='bbox 1123 3382 1180 3426; x_wconf 78' lang='lat' dir='ltr'>ara</span> 
     </span>
     <span class='ocr_line' id='line_1_30' title="bbox 323 3473 1204 3556; baseline -0.014 -14"><span class='ocrx_word' id='word_1_179' title='bbox 323 3479 546 3545; x_wconf 81' lang='lat' dir='ltr'>Eumenidum</span> <span class='ocrx_word' id='word_1_180' title='bbox 559 3476 643 3540; x_wconf 79' lang='lat' dir='ltr'>vidit</span> <span class='ocrx_word' id='word_1_181' title='bbox 658 3476 768 3538; x_wconf 84' lang='lat' dir='ltr'>vultus</span> <span class='ocrx_word' id='word_1_182' title='bbox 788 3473 949 3556; x_wconf 88' lang='lat' dir='ltr'>Pelopeus</span> <span class='ocrx_word' id='word_1_183' title='bbox 971 3473 1136 3536; x_wconf 77' lang='lat' dir='ltr'>Orestesr&#39;</span> <span class='ocrx_word' id='word_1_184' title='bbox 1203 3535 1204 3538; x_wconf 48' lang='lat'>,</span> 
     </span>
     <span class='ocr_line' id='line_1_31' title="bbox 324 3573 1160 3665; baseline -0.01 -22"><span class='ocrx_word' id='word_1_185' title='bbox 324 3577 517 3665; x_wconf 82' lang='lat' dir='ltr'>Necmagis</span> <span class='ocrx_word' id='word_1_186' title='bbox 536 3577 691 3644; x_wconf 83' lang='lat' dir='ltr'>attonitos</span> <span class='ocrx_word' id='word_1_187' title='bbox 713 3573 818 3646; x_wconf 88' lang='lat' dir='ltr'>animi</span> <span class='ocrx_word' id='word_1_188' title='bbox 836 3594 966 3638; x_wconf 86' lang='lat' dir='ltr'>sensere</span> <span class='ocrx_word' id='word_1_189' title='bbox 983 3573 1160 3658; x_wconf 71' lang='lat' dir='ltr'>tumultus,</span> 
     </span>
    </p>
   </div>
   <div class='ocr_carea' id='block_1_3' title="bbox 167 3679 1222 3887">
    <p class='ocr_par' dir='ltr' id='par_1_5' title="bbox 167 3679 1222 3887">
     <span class='ocr_line' id='line_1_32' title="bbox 252 3679 1222 3805; baseline -0.019 -53"><span class='ocrx_word' id='word_1_190' title='bbox 252 3774 297 3805; x_wconf 47' lang='lat' dir='ltr'>a»</span> <span class='ocrx_word' id='word_1_191' title='bbox 310 3754 312 3761; x_wconf 64' lang='grc'>,</span> <span class='ocrx_word' id='word_1_192' title='bbox 324 3689 409 3748; x_wconf 82' lang='lat' dir='ltr'>Cum</span> <span class='ocrx_word' id='word_1_193' title='bbox 421 3685 558 3767; x_wconf 84' lang='lat' dir='ltr'>fureret,</span> <span class='ocrx_word' id='word_1_194' title='bbox 568 3686 747 3768; x_wconf 80' lang='lat' dir='ltr'>Pentheus3</span> <span class='ocrx_word' id='word_1_195' title='bbox 770 3691 828 3746; x_wconf 84' lang='lat' dir='ltr'>aut</span> <span class='ocrx_word' id='word_1_196' title='bbox 844 3702 920 3746; x_wconf 88' lang='lat' dir='ltr'>cum</span> <span class='ocrx_word' id='word_1_197' title='bbox 940 3680 1085 3762; x_wconf 75' lang='lat' dir='ltr'>desisset,</span> <span class='ocrx_word' id='word_1_198' title='bbox 1096 3679 1222 3770; x_wconf 77' lang='lat' dir='ltr'>Agave.</span> 
     </span>
     <span class='ocr_line' id='line_1_33' title="bbox 167 3781 1168 3887; baseline -0.015 -26"><span class='ocrx_word' id='word_1_199' title='bbox 167 3859 170 3867; x_wconf 93' lang='grc'><em>,</em></span> <span class='ocrx_word' id='word_1_200' title='bbox 282 3789 423 3854; x_wconf 53' lang='grc' dir='ltr'><strong>Ἣιιιιο</strong></span> <span class='ocrx_word' id='word_1_201' title='bbox 437 3797 552 3855; x_wconf 82' lang='lat' dir='ltr'>omues</span> <span class='ocrx_word' id='word_1_202' title='bbox 566 3785 688 3873; x_wconf 83' lang='lat' dir='ltr'>gladii,</span> <span class='ocrx_word' id='word_1_203' title='bbox 711 3805 793 3887; x_wconf 80' lang='lat' dir='ltr'>quos</span> <span class='ocrx_word' id='word_1_204' title='bbox 811 3793 869 3851; x_wconf 88' lang='lat' dir='ltr'>aut</span> <span class='ocrx_word' id='word_1_205' title='bbox 883 3783 1050 3854; x_wconf 82' lang='lat' dir='ltr'>Pharsalia</span> <span class='ocrx_word' id='word_1_206' title='bbox 1064 3781 1168 3866; x_wconf 84' lang='lat' dir='ltr'>vidit,</span> 
     </span>
    </p>
   </div>
   <div class='ocr_carea' id='block_1_4' title="bbox 0 0 1412 4874">
    <p class='ocr_par' dir='ltr' id='par_1_6' title="bbox 0 0 1412 4874">
     <span class='ocr_line' id='line_1_34' title="bbox 0 0 1412 4874; baseline 0 0"><span class='ocrx_word' id='word_1_207' title='bbox 0 0 1412 4874; x_wconf 95' lang='lat' dir='ltr'> </span> 
     </span>
    </p>
   </div>
  </div>
 </body>
</html>
