2824 4880
331 385 807 454 praearmare.
986 409 1043 478 219

77 533 179 595 Nune
191 537 224 594 et
232 528 308 594 ficta
321 529 416 614 perit.
436 530 593 596 Noniani
610 552 750 618 regnare
769 531 925 617 pudebitt

75 637 148 698 Nec
164 635 258 702 color
270 634 419 720 imperii,
430 657 491 700 nec
501 636 591 699 frons
605 636 667 699 erit
678 637 748 698 ulla
761 637 910 700 Senatus.

77 741 108 804 0
123 739 226 823 felix,
242 740 295 803 oul
307 761 438 804 summa
454 741 525 806 dies
537 741 601 804 fuit
616 741 716 804 obvia
730 741 834 822 vieto,

75 846 119 909 Et
129 847 189 910 eui
206 848 410 929 quaerendos
424 848 582 914 Pharium
598 849 702 912 scelus
717 848 837 912 obtulit
851 868 962 914 ensest

75 950 231 1013 Forsitan
242 952 278 1014 in
293 951 397 1016 sooeri
412 951 571 1036 potuisses
580 951 692 1014 vivere
711 971 826 1037 regno.

76 1055 171 1119 Scire
186 1055 291 1137 mori,
303 1076 373 1119 sors
384 1054 495 1138 prima
512 1052 605 1135 viris,
625 1055 683 1116 sed
699 1053 852 1135 proxima
865 1053 951 1140 oogi.

76 1168 118 1228 Et
129 1165 236 1248 mihi,
253 1165 282 1250 si
293 1164 367 1228 fatis
380 1163 490 1230 aliena
504 1162 541 1225 in
553 1161 627 1222 iura
648 1159 814 1238 venimus,

77 1275 130 1336 Da
145 1274 245 1336 talem
255 1319 264 1352 ,
274 1273 433 1353 Fortuna,
449 1269 585 1334 Iubam:
599 1287 668 1332 non
679 1269 839 1350 deprecor
855 1266 943 1331 hosti

53 1415 54 1420 κ
77 1377 229 1458 Seruari,
244 1379 324 1439 dum
339 1399 392 1440 me
404 1387 512 1441 servet
527 1375 653 1440 cervice
669 1374 784 1438 recisa.
855 1441 857 1444 .

118 1481 268 1548 Vocibus
279 1480 331 1544 hle
347 1481 470 1563 maior,
485 1478 626 1562 quamsi
641 1481 792 1544 Romana
805 1489 960 1546 sonarent

77 1587 200 1648 Rostra
213 1585 306 1648 ducis
316 1587 443 1668 laudes,
456 1603 650 1672 generosam
660 1584 751 1648 venit
761 1589 804 1649 ad
814 1590 967 1652 umbram

78 1688 199 1752 Mortis
214 1691 331 1754 honos.
343 1689 466 1754 Fremit
474 1690 600 1754 interea
613 1689 777 1754 discordia
789 1690 900 1776 vulgi:

80 1791 272 1851 Castrorum
283 1788 429 1870 bellique
444 1789 537 1875 piget
551 1799 625 1872 post
640 1789 757 1851 funera
771 1789 906 1875 Magni:

80 1897 167 1957 Cum
181 1895 478 1962 Tarchondlmoms
496 1893 670 1976 linquendi
685 1893 778 1981 signa
792 1895 926 1958 Catonis

82 1999 230 2062 Sustulit.
246 2001 344 2060 Hunc
358 2009 453 2080 rapta
463 1981 649 2083 ⁸fugientem
664 2000 764 2062 classe
780 2009 909 2063 secutus

80 2101 174 2164 litus
185 2102 430 2183 inexustum,
448 2101 506 2164 tali
524 2104 605 2164 Cato
618 2121 698 2166 roae
715 2101 860 2164 notavit:
984 2117 1040 2165 att

82 2207 299 2288 Onunquam
311 2216 425 2290 pacate
442 2206 548 2268 Cilix!
565 2207 728 2272 iterumne-
747 2206 881 2289 rapinas

81 2311 184 2375 Vadis
196 2311 233 2373 in
246 2313 447 2394 aequoreas?
467 2316 627 2399 Magnum
638 2313 781 2374 Fortuna
791 2311 952 2379 removit:

80 2413 151 2479 Iam
170 2417 289 2501 pelago
303 2415 410 2498 pirata
426 2416 523 2482 redis.
541 2420 637 2480 tuno
653 2416 787 2500 respicit
802 2437 918 2481 omnes

80 2519 120 2582 In
137 2529 233 2582 coetu
246 2529 404 2598 motuque
417 2518 507 2581 viros
521 2539 529 2582 ε
549 2538 691 2598 quorum
705 2539 791 2582 unus
806 2529 920 2602 aperta

80 2623 195 2688 Mente
212 2622 322 2708 fugae,
342 2620 401 2689 tali
415 2623 592 2704 compellat
608 2642 689 2684 voce
710 2632 894 2708 regentema

80 2725 270 2807 Nos,Cato,
281 2726 324 2786 da
334 2723 483 2806 veniam,
493 2724 643 2808 Pompeii
653 2726 747 2795 duait
758 2726 795 2790 irt
806 2748 918 2809 arma,
935 2759 949 2784 ι

81 2826 158 2888 Non
171 2825 251 2894 belli
268 2825 375 2890 civilis
397 2846 504 2908 amor,
522 2837 695 2910 partesque
713 2827 827 2890 favore

81 2929 241 3007 Fecimus.
262 2931 323 2999 Ille
340 2929 439 3014 iacet,
454 2931 530 3014 paci
545 2952 644 3012 quem
658 2905 815 3014 praetiilit
834 2930 940 3013 orbis,

82 3035 254 3114 Causaque
264 3044 376 3106 nostra
382 3036 486 3118 perit:
505 3036 630 3118 patrios
647 3036 804 3120 permitte
822 3039 973 3120 penates,

81 3141 317 3222 Desertamque
327 3145 481 3224 domum,
494 3144 671 3224 dulcesque
681 3145 823 3210 revisere
838 3155 942 3210 natos.

80 3247 167 3310 Nam
186 3246 258 3334 quis
274 3248 336 3314 erit
354 3247 443 3330 finis,
460 3249 488 3312 si
503 3269 564 3312 nec
579 3249 761 3333 Pharsalia,
774 3269 925 3335 pugnae,
943 3329 945 3336 Α

81 3352 150 3420 Nec
163 3353 338 3436 Pompeius
355 3351 436 3437 erit?
454 3347 627 3420 Perierunt
641 3364 790 3436 tempora
804 3357 905 3433 vitae,

82 3457 173 3524 Mors
187 3467 239 3523 eat
250 3457 287 3520 in
300 3467 424 3524 tutumt
440 3457 540 3522 iustas
550 3457 614 3523 sibi
624 3467 737 3522 nostra
748 3467 897 3518 senectus

82 3560 264 3644 Prospiciat
280 3565 436 3628 flammas.
453 3563 581 3628 Bellum
600 3560 698 3628 civile
715 3561 866 3642 sepulcra

84 3668 149 3732 Vix
165 3667 302 3730 ducibus
318 3680 482 3752 praestare
494 3677 610 3752 potest.
623 3671 697 3730 Non
711 3669 850 3736 barbara
863 3665 967 3732 victos

82 3771 201 3862 Regna
210 3783 363 3842 manent:
384 3793 452 3844 nou
465 3767 752 3844 Armeniummtai
763 3791 860 3840 saeva
876 3771 1036 3852 minatur,
