2824 4880
351 387 430 452 ιω·
606 377 1050 464 rnnnsrmte
1149 379 1279 464 ess,

348 521 418 588 Nili
425 529 554 608 sceptra
564 529 673 588 tenes:
693 520 812 586 cecidit
827 519 981 586 civilibus
997 521 1114 605 armis,

348 629 418 716 Qui
429 629 491 694 tibi
502 651 606 717 regna
618 628 719 692 dedit
732 630 803 692 Iam
813 641 914 694 vento
924 632 999 694 vela
1012 639 1148 718 negarat

347 735 507 822 Magnus,
522 745 556 798 et
564 733 690 798 auxilio
703 751 874 796 remorum
889 731 1029 796 infanda
1040 734 1174 816 petebat
1275 792 1280 802 ,

347 840 476 905 Litora:
495 861 597 923 quem
612 849 728 904 eontra
741 858 811 904 non
826 840 928 926 longa
941 849 1035 902 verta
1047 837 1170 904 biremi

348 945 532 1028 Appulerat
544 947 701 1010 scelerata
713 965 849 1018 manuss
867 948 1057 1030 Magnoque
1070 953 1188 1028 patere

347 1049 492 1136 Fingens
507 1071 611 1137 regna
626 1049 740 1132 Phari,
759 1052 864 1114 celsae
879 1050 923 1112 de
938 1069 1051 1133 puppe
1066 1047 1202 1113 carium

245 1145 250 1157 ³
347 1153 388 1218 ln
402 1175 543 1240 parvam
559 1153 652 1218 iubet
665 1153 715 1218 ire
731 1165 855 1234 ratem,
867 1151 1013 1233 litusque
1029 1153 1216 1242 malignum

348 1257 497 1344 incusat,
510 1259 738 1341 bimaremque
755 1258 849 1325 vadis
862 1259 1093 1345 frangentibus
1108 1267 1259 1344 aestum,

348 1361 419 1448 Qui
434 1373 523 1428 vetet
537 1374 688 1428 externas
702 1363 797 1428 terris
810 1365 984 1428 advertere
1001 1365 1127 1430 classes.

350 1469 450 1552 Quod
465 1467 532 1532 nisi
543 1470 688 1534 latorum
702 1472 807 1556 leges,
824 1468 1019 1550 intentaque
1037 1467 1130 1536 iussu

350 1569 488 1636 Ordinis
506 1573 632 1636 aeterni
644 1571 783 1636 miserae
800 1569 925 1638 vicinia
937 1570 1053 1636 mortis

348 1675 554 1739 Daumaturn
566 1678 633 1742 leto
651 1678 820 1740 traherent
831 1678 875 1738 ad
890 1673 990 1738 litora
1002 1679 1179 1762 Magnum

348 1782 426 1844 Non
442 1781 504 1844 ulli
515 1783 674 1846 uomitum
688 1779 822 1848 sceleris
832 1779 1004 1868 praesagia
1021 1781 1174 1844 deerant:

349 1886 485 1973 Quippe
496 1887 578 1954 fides
594 1887 624 1953 si
641 1888 841 1972 puraforet,
857 1885 885 1951 si
898 1887 992 1974 regia
1008 1889 1132 1974 Magno

349 1993 563 2079 Sceptrorum
579 1995 708 2060 auctori
723 1977 803 2058 vera
820 1992 944 2078 pietate
962 2004 1106 2078 pateret,

351 2104 541 2188 ,Venturum
561 2113 628 2166 tota
641 2101 800 2166 Pharium
818 2104 1010 2166 cumulasse
1027 2112 1221 2185 tyrannum.
1260 2105 1326 2184 574

352 2209 419 2270 sed
435 2207 522 2270 cedit
535 2208 624 2291 fatis,
637 2210 839 2290 classemque
850 2207 1039 2290 relinquere
1055 2209 1160 2276 iussus

352 2313 570 2398 obsequitur,
586 2291 756 2396 letumque
771 2315 865 2400 iuvat
877 2315 1045 2398 praeferre
1062 2317 1186 2382 timori.

350 2423 425 2488 Ibat
441 2425 478 2488 in
494 2425 648 2490 hostilem
660 2419 819 2508 praecepa
831 2423 986 2488 Cornelia
997 2423 1156 2507 puppim,

350 2529 426 2614 Hoc
446 2527 551 2616 magis
564 2525 741 2613 impatiens
761 2547 892 2615 egresso
905 2531 1022 2593 deesse
1039 2527 1179 2611 marito,

350 2635 452 2720 Quod
465 2635 584 2700 metuit
601 2637 720 2702 clades.
738 2639 888 2700 Remane
895 2683 905 2717 ,
921 2635 1096 2700 temeraria
1108 2634 1252 2719 coniux,

350 2737 393 2800 Et
408 2747 460 2820 tu,
472 2749 566 2822 nate,
579 2759 714 2824 preoor,
727 2743 894 2828 longeque
908 2761 928 2804 e
940 2741 1037 2804 litore
1055 2761 1148 2806 casus

351 2843 545 2928 Exspectate
560 2865 666 2912 meos:
683 2856 716 2910 et
727 2846 764 2911 in
778 2849 840 2910 hae
853 2846 983 2912 cervice
1004 2845 1142 2930 tyranni

349 2949 530 3034 Explorate
543 2947 655 3016 fidem.
674 2951 788 3016 Dixit:
805 2954 864 3016 sed
880 2951 1116 3044 surdavetanti

350 3055 524 3118 Tendebat
535 3055 684 3142 geminas
704 3077 819 3122 amens
835 3058 992 3122 Cornelia
1007 3061 1154 3142 palmas:
1240 3129 1245 3136 ¹

350 3158 429 3242 Quo
437 3157 510 3222 ‘sine
520 3179 575 3222 me
588 3159 731 3224 erudelis
746 3159 836 3226 abis?
849 3163 1015 3230 iterumne
1027 3166 1200 3250 relinquor

257 3300 265 3318 ,
350 3261 548 3328 Thessalicis
564 3266 718 3330 submota
729 3267 851 3332 malis?
870 3289 1044 3352 nunquam
1057 3271 1170 3334 omine
1187 3268 1281 3336 laeto'

242 3365 246 3374 ’
350 3369 576 3470 Distrahimur
587 3372 710 3440 miseri.
729 3377 864 3442 Poteras
880 3397 950 3442 non
969 3381 1100 3468 flectere
1117 3377 1282 3464 puppim,

245 3470 249 3476 ³
351 3479 438 3548 Cum
453 3481 585 3568 fugeres
598 3482 680 3566 alio,
695 3484 896 3568 latebrisque
915 3487 1104 3568 relinquere
1119 3487 1239 3570 lesbi,

351 3585 519 3652 Omnibus
536 3609 557 3652 a
574 3589 668 3654 terris
683 3589 788 3658 sinos
805 3613 918 3660 arcere
930 3595 1098 3677 parabas?

351 3691 403 3752 An
421 3700 550 3756 tanturn
566 3691 604 3756 in
618 3695 736 3758 fluetus
748 3695 864 3778 placeo
874 3698 1007 3762 comm?
1018 3699 1110 3760 Haeo
1123 3696 1185 3762 ubi
1197 3695 1327 3766 frutra

350 3789 494 3880 Effudit,
508 3797 619 3884 prima
633 3802 757 3884 pendet
772 3809 885 3868 tamen
899 3801 1000 3866 anxia
1018 3819 1154 3888 puppe3
