2788 4880
315 382 357 456 4⁶
575 371 1021 440 ratramus
1116 377 1241 462 aaa

314 513 511 582 Hinc·illiuc
527 527 656 580 montes
665 519 860 600 scopulosae
878 501 970 602 rupis
986 525 1102 602 aperto

317 621 483 705 Opposuit
500 633 619 684 natura
631 623 731 704 mari,
746 619 906 705 flatusque
920 625 1078 709 removit,

315 727 361 790 Ut
376 725 518 790 tremulo
531 736 656 792 starent
668 737 843 792 contentae
854 731 935 794 tune
951 731 1091 795 carium.

315 837 405 902 Hinc
419 839 490 900 lata
498 845 588 921 patet
601 849 702 900 omne
714 821 856 923 fretumq
877 863 935 904 seu
951 845 1026 904 reia
1042 841 1192 911 tuantur
1220 846 1224 856 ’
1251 841 1257 851 ”

314 934 358 1011 In¹
371 956 504 1030 portus,
518 949 682 1030 Corcyra,
698 957 789 1032 tuos,
803 967 860 1013 seu
877 951 981 1030 laevass
990 961 1123 1035 petatur

315 1053 431 1138 Illyris
450 1052 560 1117 idhias
580 1073 720 1140 vergens
740 1055 944 1139 Epidamnus
963 1057 1001 1120 in
1017 1059 1135 1122 undas.

316 1169 393 1229 Huc
407 1165 689 1252 ingelramnum,
709 1185 786 1226 curn
802 1173 886 1228 totas‘
902 1165 1030 1234 Hadria
1047 1166 1134 1230 vires

316 1275 439 1358 Movit,
458 1285 492 1338 et
510 1274 547 1336 in
563 1274 668 1336 nubes
681 1272 997 1358 abiereCeraunia,
1013 1292 1157 1356 cumque

318 1385 480 1466 Spumoso
494 1381 635 1444 Calaber
653 1379 867 1462 perfunditur
880 1397 1027 1462 aequore
1039 1380 1153 1446 Sason.

251 1500 255 1516 ¹
359 1485 447 1570 Ergo
460 1482 519 1546 ubi
532 1484 626 1546 nulia
637 1480 719 1544 fides
735 1483 833 1545 rebus
848 1491 924 1565 post
943 1493 1034 1571 terga
1048 1485 1187 1569 relictis,
1217 1503 1220 1510 ’
1241 1481 1248 1504 ⁸

319 1591 387 1652 Nec
402 1587 480 1650 licet
493 1587 537 1648 ad
553 1587 655 1649 duros
670 1587 813 1650 Martem
829 1585 1022 1652 convertere
1038 1589 1200 1673 Hiberos,
1240 1660 1245 1669 q

319 1699 406 1758 Cum
425 1694 556 1758 mediae
573 1693 702 1758 iaceant
719 1693 889 1762 immensis
909 1691 1069 1762 tractibus
1080 1701 1199 1782 Alpes3
1303 1703 1307 1716 '

319 1803 415 1886 Tunc
428 1805 542 1866 sobole
559 1811 687 1864 etanta
698 1813 831 1885 natum,
850 1803 905 1866 cui
918 1797 1048 1866 'firmior
1070 1815 1185 1887 aetas‚·

319 1909 476 1972 Adfatur:
490 1907 611 1971 Mundi
623 1907 724 1970 iubeo
742 1917 867 1970 tentare
884 1927 1042 1972 recessus.

276 2033 278 2039 '
320 2021 530 2102 Euphraten,
547 2015 728 2096 Nilumque
739 2035 855 2100 move,
870 2037 937 2098 quo
949 2016 1095 2080 nominis
1109 2035 1215 2098 usque

321 2120 432 2185 Nostri
449 2121 539 2182 ferna
550 2117 661 2200 venit,
679 2129 824 2199 quas'est
841 2121 978 2207 vulgata
994 2141 1056 2204 per
1072 2124 1171 2186 urbes
1228 2123 1295 2206 684

322 2227 386 2288 Per
397 2246 452 2287 me
465 2227 574 2286 Roma
587 2224 725 2284 ducemt
744 2243 873 2306 sparsos
885 2233 950 2308 ‘per
967 2247 1046 2290 rura
1060 2227 1197 2290 colonos

323 2331 437 2393 Redde
451 2327 537 2390 mari
550 2325 682 2390 Cilicas:
702 2326 838 2390 Pharios
853 2327 932 2391 hinc
948 2339 1096 2393 concute·
1109 2351 1217 2417 reges,

322 2436 559 2523 Tigranemque
576 2450 700 2495 meum.
723 2433 791 2494 Nec
808 2431 985 2528 Rhanacis
1001 2451 1094 2496 arma
1108 2436 1304 2530 relinquito,¹

323 2543 515 2624 Admoneo,
529 2559 591 2604 nec
602 2549 637 2602 tu
652 2541 796 2624 populos
809 2549 951 2621 utraque
964 2551 1121 2627 vagantes

324 2648 500 2730 Armenia,
520 2645 684 2726 Pontique
697 2643 783 2708 ieras
799 2663 860 2728 per
879 2643 978 2708 litora
991 2648 1125 2732 gentes,

323 2752 559 2836 Rhipaeasque
571 2761 707 2832 manus,
721 2759 754 2812 et
772 2769 853 2830 quas
866 2755 954 2813 tenet
969 2769 1115 2830 aequore
1128 2753 1231 2816 denso

325 2859 425 2947 Pigra
434 2859 545 2944 palus,
566 2853 716 2940 Scythici
731 2855 860 2938 patiens
877 2853 1040 2919 Maeotica
1055 2854 1204 2938 plaustri.
1238 2943 1242 2950 Δ
1307 2882 1312 2888 ·

325 2967 391 3028 Sed
406 2965 489 3047 quid
504 2965 604 3046 plura
619 2963 758 3025 moror?
777 2971 862 3026 totos
875 2964 967 3045 mea,
986 2973 1079 3046 uate,
1093 2981 1156 3050 per
1167 2963 1260 3030 orius

326 3072 536 3154 Bellatores,
550 3081 685 3152 totoque
696 3073 796 3135 urbes
811 3069 951 3162 agitabis
965 3070 1002 3134 in
1018 3071 1111 3133 orbe·
1129 3059 1132 3068 ⁴
1153 3086 1170 3100 ··
1226 3067 1229 3074 '
1331 3155 1334 3160 Ι

327 3179 549 3245 Perdomitas:
562 3196 677 3243 omues
690 3180 828 3241 redeant
840 3177 876 3240 in
892 3169 998 3240 castra
1012 3175 1184 3260 triumphi.

328 3293 459 3372 Atros,
480 3286 539 3368 qui
557 3287 668 3350 Latios
684 3285 820 3373 signatis
831 3283 972 3348 'nomine
990 3285 1104 3368 fastos,

329 3390 461 3456 Primus
479 3389 516 3453 in
529 3389 668 3472 Epirum
683 3393 802 3450 Boreas
817 3397 910 3472 agat:
927 3387 1005 3450 inde
1020 3405 1081 3470 per
1097 3381 1179 3462 arvei

330 3495 508 3560 Graiorum
526 3495 758 3574 Macetumque
774 3509 877 3554 novas
894 3487 1059 3572 adquirite
1072 3487 1175 3571 vires,

233 3574 239 3594 Χ
330 3602 421 3662 Dum
435 3597 510 3682 paci
523 3600 581 3660 dat
598 3606 727 3682 tempus
743 3597 860 3661 hiems.
879 3597 933 3661 sie
948 3597 1053 3660 faturs
1072 3608 1105 3660 et
1119 3613 1236 3661 omues
1300 3677 1302 3681 v

330 3709 423 3770 Iussa
434 3715 569 3794 gerunt,
587 3705 787 3787 solvuntque
801 3717 898 3769 cavas
911 3724 933 3768 a
946 3706 1045 3769 litore
1061 3723 1201 3789 puppes.

373 3813 602 3892 utnusquam
618 3807 749 3893 patiens
760 3808 867 3894 pacis,
884 3810 1072 3913 ,longaeque
1086 3805 1208 3890 quietis
