2824 4880
229 428 232 434 ·
325 377 801 460 iterationes
984 401 1042 464 ary

77 524 292 610 Distuleript,
307 545 351 592 au
368 523 525 607 furtivus,
542 545 644 606 quem
657 522 915 610 vidimusdgnis

77 629 238 711 Salverit,
255 627 386 714 ignoro.
406 629 633 712 Quaecunque
649 625 772 692 miuria
783 627 844 690 fati

77 733 223 804 Abstulit
234 737 295 800 bos
308 744 414 815 artus,
430 732 565 816 Superis
584 735 666 798 haec
684 734 823 800 crimina
837 737 943 800 dono:

77 843 217 906 Servata
230 843 272 914 de
282 849 376 924 parte
389 859 521 920 queror.
542 831 714 906 Cumtelia
732 845 873 928 Magnus
919 887 925 908 ‚

78 948 250 1032 audisset,
267 968 336 1030 non
353 947 391 1010 in
405 947 547 1034 gemitus
562 947 782 1030 lacrimasque
793 951 944 1016 dolorem

78 1049 223 1132 Effudia
241 1054 392 1134 iustaque
407 1053 521 1120 ibrens
534 1053 656 1136 pietate
674 1055 840 1137 profatur:

79 1162 299 1244 Praecipitate
314 1171 399 1224 rates
414 1181 434 1222 e
451 1159 540 1226 sicco
553 1161 667 1244 litore,
687 1173 823 1241 nautae3

80 1268 203 1338 Classis
217 1267 253 1330 in
267 1261 421 1334 adveisos
437 1277 587 1349 erumpat
603 1268 730 1354 remige
746 1279 880 1335 ventosa

79 1375 143 1456 Ite,
163 1375 280 1456 duces,
294 1363 444 1436 mecum:
457 1391 630 1451 nunquam
644 1372 797 1436 civilibus
811 1376 913 1438 umis

79 1480 189 1540 Tanta
202 1477 265 1542 fuit
279 1493 427 1557 merces,
437 1474 626 1542 inhumatos
643 1478 785 1542 condere
798 1497 931 1562 manes,

79 1577 250 1666 Sanguine
266 1576 413 1645 semiviri
427 1579 589 1662 Magnum
603 1577 723 1643 satiare
740 1580 886 1661 tyranni.

80 1687 156 1748 Non
169 1670 234 1771 ego
250 1685 394 1748 Pellaeas
408 1703 518 1764 arces,
537 1683 713 1766 adytisque
727 1695 888 1750 retectum

81 1793 213 1874 Corpus
221 1790 400 1860 Alexandri
418 1789 515 1876 pigra
533 1789 713 1854 Mareotide
732 1795 902 1887 mergam?

80 1898 156 1962 Non
167 1896 251 1958 mihi
261 1893 480 1976 Pyramidum
493 1892 627 1958 tumulis
642 1894 774 1956 evulsus
790 1897 930 1980 Amasis,
1005 1917 1006 1921 ¹

80 2007 190 2086 Atque
198 2004 255 2094 alii
267 2023 360 2088 reges
373 2001 449 2064 Nilo
468 2009 614 2080 torrente
632 2001 817 2063 natabunt?
1055 2066 1057 2074 y

82 2107 207 2172 Omnia
222 2109 301 2170 dent
317 2125 440 2188 poenas
458 2105 549 2170 nudo
562 2102 635 2182 tibi,
651 2107 788 2189 Magne,
805 2108 971 2188 sepulcra:
988 2107 1041 2189 157

80 2211 243 2277 Evolvam
255 2213 351 2274 busto
363 2210 431 2286 iam
449 2229 574 2270 numen
587 2207 741 2294 gentibus
755 2209 850 2293 Isim,

81 2313 121 2378 Et
136 2324 258 2378 tectum
272 2313 344 2376 lino
356 2331 510 2398 spargam
524 2334 585 2394 per
595 2314 714 2398 vulgus
729 2314 789 2379 ost
804 2315 872 2398 im,

82 2416 121 2478 Et
132 2433 227 2480 sacer
238 2415 275 2478 in
286 2415 402 2500 Magni
417 2413 542 2480 cineres
556 2417 756 2480 mactabitur
766 2419 860 2501 Apis,

81 2522 334 2607 Suppositisque-
348 2522 427 2586 Deis
443 2543 540 2588 uram
556 2535 664 2606 caput.
686 2525 755 2588 Has
767 2525 851 2588 mihi
865 2545 988 2608 poenas
1076 2587 1080 2593 ,

82 2631 187 2694 Terra
197 2629 306 2698 dabit:
319 2629 470 2712 linquam
486 2649 608 2693 vacuos
620 2632 801 2696 cultoribus
814 2645 926 2719 agros3
990 2631 994 2639 ’

57 2741 65 2748 ’
82 2734 169 2816 Nee,
181 2734 273 2808 Nilus
287 2733 340 2798 cui
351 2743 486 2816 crescat,
498 2733 579 2802 erit:
596 2737 750 2816 solusque
763 2735 889 2800 tenebis

82 2842 289 2925 Aegyptum,
300 2837 448 2925 genitor,
465 2839 599 2921 populis
616 2839 814 2921 superisque
829 2812 961 2925 iugalis.

82 2943 237 3024 Dixerat,
246 2951 282 3004 'et
295 2943 429 3008 classem
442 2962 555 3006 saevas
572 2939 772 3024 rapiebatur
785 2944 901 3006 undas.
950 3021 954 3027 ν

83 3052 149 3118 Sed
164 3052 244 3110 Cato
256 3049 425 3115 laudatam
435 3047 565 3112 iuvenis
585 3047 785 3130 compescuit
804 3046 900 3110 iram.

122 3159 256 3220 Interea
268 3155 360 3238 totis,
374 3156 487 3222 audito
504 3157 622 3220 iuuere
639 3156 772 3242 Magni,

82 3262 254 3330 Litoribus
268 3261 379 3330 sonuit
393 3282 564 3344 percussus
580 3261 767 3344 planctibus
781 3265 912 3332 aether:

83 3371 312 3452 Exemploque
326 3387 456 3450 carens,
472 3377 504 3430 et
519 3367 605 3430 nulli
618 3367 768 3455 cognitus
785 3389 867 3431 aevo

83 3475 208 3537 Luotus
220 3482 307 3555 erat,
317 3482 460 3542 ,mortem
475 3475 618 3556 populos
632 3475 752 3536 deflere
770 3471 922 3556 potentis.

83 3581 151 3644 Sed
161 3578 279 3666 magis,
294 3589 331 3640 ut
343 3577 413 3644 visa
427 3587 474 3642 est
487 3577 819 3660 lacrimispexhausta,
832 3582 955 3644 solutas

84 3685 124 3751 In
137 3686 251 3748 vultus
264 3681 367 3751 effusa
380 3703 509 3768 comas,
529 3684 681 3760 Cornelia
693 3707 805 3774 puppe
908 3719 920 3745 f

86 3790 282 3881 lignulum,
299 3814 410 3860 rursus
425 3793 593 3882 geminato
609 3793 745 3859 verbere
763 3795 935 3880 plangunt.
