2788 4880
339 397 377 470 ⁵4
596 364 1034 458 rnanss'n‘rla
1120 411 1250 494 *¹¹¹-

338 530 566 618 Exsiliumque
577 547 677 621 petat.
697 538 835 618 Melius,
854 525 944 618 quod
960 539 1056 620 plura
1071 536 1187 600 iubere

340 639 497 722 Erubuit,
508 661 608 721 quam
620 643 726 704 Roma
740 639 819 722 pati.
840 643 966 703 Tamen
982 641 1047 704 exit
1059 639 1095 703 in
1110 641 1216 722 uam,

340 743 478 812 Viribus
495 764 538 806 an
551 745 676 828 possint
691 745 849 808 obsistere
862 746 949 826 iura,
966 741 1027 827 per
1042 765 1146 807 unum

340 849 489 920 Libertas
502 860 634 932 experta
643 849 764 912 virum.
787 850 1180 935 PugnaaneMetellus,›

224 982 228 997 ·
342 959 387 1017 Ut
401 954 489 1016 videt
502 953 630 1040 ingenti
642 953 794 1018 Saturnia
807 955 929 1036 templa
943 953 1061 1016 revelli

239 1109 244 1118 .
342 1061 448 1140 Mola,
464 1058 549 1143 rapit
557 1077 702 1146 gressus,
717 1069 749 1121 et
761 1059 907 1124 Caesaris
916 1057 1051 1145 agmina
1063 1077 1233 1143 rumpens,

342 1163 427 1224 Ante
439 1161 526 1228 fores
537 1162 687 1226 nondum
704 1169 864 1222 reseratae
876 1158 1025 1222 constitit
1038 1159 1143 1242 aedis,

344 1268 480 1352 (Usque
496 1268 579 1349 adeo
594 1267 683 1328 solus
699 1265 825 1328 ferrum
843 1275 1049 1346 mortemque
1064 1248 1180 1329 timere

343 1369 426 1433 Auri
439 1368 541 1431 nescit
550 1387 653 1432 amor.
674 1371 817 1432 Pereunt
833 1366 1024 1430 discrimine
1042 1370 1136 1432 nullo

345 1473 490 1536 Amissae
503 1475 609 1560 legem
626 1475 697 1554 sed,
714 1493 789 1556 pars
802 1471 961 1535 vilissima
976 1483 1101 1552 rerunt,

346 1579 519 1640 Certamen
538 1575 684 1638 movistis
701 1576 804 1661 opes)
824 1575 1068 1658 prohibensque
1084 1577 1200 1660 rapina

345 1683 526 1766 Victorem,
543 1685 632 1748 clara
650 1692 783 1746 testatur
799 1703 879 1746 voce
894 1683 1075 1747 Tribunus:

345 1789 421 1851 Non
436 1789 498 1852 nisi
517 1797 740 1872 pernostrum
758 1787 1023 1871 vobisvpercussa
1041 1791 1201 1871 patebunt

346 1891 484 1973 Templa
497 1891 597 1972 latus,
609 1892 783 1972 nullasque
794 1892 892 1972 seres,
912 1889 976 1952 nisi
995 1891 1156 1976 sanguine
1172 1912 1269 1958 sacro

287 2006 293 2018 ⁴
345 1995 501 2078 Sparsus,
518 2007 646 2078 raptor,
664 2015 752 2078 opes.
772 1997 865 2059 Certe
880 1994 1003 2058 violata
1021 2007 1163 2078 potestas

347 2100 480 2164 Invenit
489 2101 551 2165 ista
560 2105 665 2179 Densa
690 2106 909 2182 Crassumque
921 2101 958 2165 in
970 2103 1058 2166 bella
1073 2112 1204 2167 secutae
1245 2109 1336 2186 126.

347 2207 451 2270 Saeva
463 2209 669 2272 Tribunitiae
682 2219 845 2272 voverunt
860 2209 987 2291 proelia
1000 2209 1102 2272 dirae.

348 2311 472 2396 Detege
480 2309 546 2373 iam
557 2313 692 2375 ferrum.
707 2316 821 2393 Neque
832 2311 1094 2384 enimtibitnrba
1103 2315 1312 2378 verendaest

348 2412 530 2494 Spectatrix
543 2415 721 2477 scelerum:
736 2417 863 2479 deserta
877 2427 999 2478 stamus
1016 2413 1053 2477 in
1065 2415 1164 2478 Urbe.

315 2509 321 2516 ’
347 2518 423 2580 Non
435 2518 666 2583 feretenostro
679 2520 1015 2604 sceleratuspraemia
1027 2519 1134 2582 miles.

287 2637 296 2646 '
349 2625 431 2686 Sunt
447 2645 530 2705 quos
542 2635 727 2706 prosternas
743 2626 876 2711 populi,
895 2645 980 2708 quae
994 2624 1128 2688 moenia
1141 2626 1255 2688 dones.

348 2731 442 2795 Pacis
458 2735 501 2793 ad
518 2735 691 2797 exhaustae
711 2733 855 2816 spolium
871 2753 940 2795 non
958 2730 1047 2818 cogit
1062 2739 1204 2816 egestas:¹
1231 2712 1235 2720 ¹

348 2841 477 2902 Bellum
493 2843 612 2934 Caesar
628 2843 738 2904 babes.
757 2840 819 2903 His
835 2857 991 2924 magnam
1006 2837 1112 2901 victor
1129 2836 1165 2900 in
1180 2835 1267 2898 iram

348 2944 495 3009 Vocibus
505 2964 676 3008 accensus:
690 2947 819 3008 Vanam
832 2963 926 3025 spem
941 2941 1056 3004 mortis
1073 2943 1242 3004 honestae·

351 3049 521 3133 Concipis:
539 3052 645 3130 baud,
656 3048 782 3130 inquit,
798 3048 915 3134 iugulo
927 3066 962 3110 se
979 3046 1107 3128 polluet
1120 3044 1184 3110 isto

351 3156 484 3236 Nostra,
502 3157 647 3235 Metelle,
661 3173 788 3216 manns.
803 3153 953 3236 Dignum
971 3161 1002 3213 te
1018 3150 1164 3213 Caesaris
1177 3150 1229 3211 ira
1282 3191 1285 3200 Δ

352 3258 470 3321 Nullus
485 3259 713 3322 bonor-faciet.
731 3262 779 3322 Te
793 3257 925 3319 vindice
948 3265 1017 3317 tuta
1032 3255 1146 3318 relicta
1163 3260 1217 3317 cst

353 3363 520 3427 Libertas?
533 3385 601 3427 non
618 3365 819 3443 usqueadeo
832 3359 1023 3444 permiscuit
1038 3358 1114 3422 imis

353 3473 487 3557 Longus
499 3493 629 3535 summa
642 3469 731 3552 dies,
748 3479 785 3532 ut
801 3489 885 3550 non,
896 3469 925 3531 si
939 3487 1021 3530 voce
1033 3464 1161 3530 Metelli

302 3609 305 3612 ·
355 3579 531 3640 Serventur
546 3578 653 3662 leges,
669 3575 787 3639 malint
802 3595 821 3637 a
838 3577 975 3637 Caesare
993 3572 1076 3636 tolli.

396 3681 551 3744 Dixerat:
571 3692 603 3744 et
614 3684 764 3745 nondum
780 3680 906 3744 foribus
924 3680 1060 3742 cedente
1077 3676 1229 3740 'l'ribuno

355 3786 471 3854 Acrior
489 3785 540 3850 ira
554 3785 660 3854 subit:
676 3805 791 3866 saevos
805 3782 1028 3870 circumspicit
1043 3803 1135 3850 enses
1143 3828 1154 3866 ,
1195 3823 1202 3846 .
