2824 4880
238 684 542 778 INCERTI
576 689 954 786 AUCTORIS

561 906 629 960 An

165 1072 1035 1214 CALP.PISONEM
1166 1216 1171 1225 .

395 1337 794 1445 Ponnn‘mon

199 1549 406 1652 LUCANO¹
426 1552 608 1618 VULGO
636 1553 980 1630 ADSCRIPTUM.

349 1785 814 1810 -ι-ιιιι-ιιι-ι-ιὴ-ι-ιι

106 1940 359 2094 Usnnprius
374 2009 481 2095 coepti
495 2021 609 2100 surgat
621 2013 705 2079 mihi
718 1997 880 2083 ‘carminis
897 2019 996 2102 ordo',

101 2119 237 2203 Quosve
252 2140 368 2184 canam
381 2121 508 2203 titulos,
519 2123 640 2186 dubius
651 2123 751 2186 feror.
765 2121 854 2185 Hinc
866 2132 936 2207 tua,
946 2123 1021 2190 Piso
1026 2168 1039 2209 ‚

100 2227 280 2311 Nobilitas,
291 2229 476 2310 veterisque
490 2230 592 2294 citant
602 2228 758 2294 sublimia
773 2226 871 2310 Calpi

100 2330 261 2414 Nomina,
275 2334 442 2396 Romanas
454 2333 541 2397 inter
554 2333 715 2422 fulgentia
731 2341 864 2418 gentes:

98 2436 190 2500 Hinc
206 2447 263 2500 tua
275 2459 330 2501 me
338 2438 443 2502 virtus
455 2439 557 2522 rapit,
571 2449 604 2502 et
620 2439 773 2501 miranda
787 2458 847 2520 per
863 2455 981 2503 omnes

98 2543 178 2610 Vita
194 2547 327 2607 modos:
342 2564 441 2627 quae,
457 2545 486 2607 si
501 2547 626 2607 deesset
641 2543 702 2606 tihi
716 2544 801 2608 sorte
818 2554 927 2605 creato

97 2650 276 2734 Nobilitas,
288 2653 404 2714 eadem
418 2671 480 2735 pro
494 2647 667 2715 nobilitale
683 2649 806 2716 fuisset.

96 2759 183 2819 Nam
201 2757 282 2839 quid
298 2757 516 2846 imaginibus,
530 2758 614 2841 quid
627 2757 724 2824 avitis
738 2757 821 2822 fulto
834 2757 1013 2844 triumphis

96 2861 210 2945 Atria,
227 2863 308 2944 quid
321 2865 414 2946 pleni
431 2863 609 2930 nus'neroso
620 2865 764 2933 Consule
778 2863 867 2945 fasti,

96 2966 302 3050 Profuerint,
316 2967 344 3030 si
358 2961 426 3030 vita
441 2971 554 3031 labat?
574 2967 660 3057 perit
672 2967 781 3032 omnis
797 2966 833 3030 in
850 2967 916 3029 illo·

95 3070 275 3153 Nobilitas,
294 3071 387 3135 cuius
401 3074 474 3136 leus
488 3081 537 3165 est
554 3073 590 3135 in
603 3072 732 3160 origine
748 3073 830 3135 sola.
900 3095 901 3098 ¹

96 3173 205 3254 Felix,
221 3174 279 3256 qui
294 3175 391 3239 tantis
405 3177 556 3238 animum
574 3174 738 3238 natalibus
756 3192 893 3256 aequas,

97 3278 140 3339 Et
153 3288 281 3360 partem
296 3279 401 3362 tituli,
422 3300 491 3342 non
507 3297 685 3360 summam,
696 3277 794 3360 ponis
807 3275 844 3338 in
860 3275 943 3362 illis,

93 3383 169 3466 Ipse
180 3388 346 3448 canendus
356 3387 436 3450 eris:
451 3408 529 3448 nam
541 3385 623 3467 quid
634 3403 820 3446 memorare
830 3404 963 3448 necesse
972 3392 1033 3470 ess,

93 3489 144 3554 Ut
155 3489 273 3550 domus
287 3511 307 3551 a
318 3493 423 3575 Calpo
437 3513 561 3554 nornen
577 3492 759 3579 Calpurnia
777 3491 900 3552 ducat?

93 3597 257 3676 Claraque
269 3595 396 3660 Pisonis
410 3597 522 3660 tulerit
544 3595 745 3682 cognomina
761 3594 886 3678 prima,

90 3705 239 3766 Humida
253 3704 374 3766 callosa
388 3725 464 3767 cum
477 3701 622 3786 pinseret
637 3703 762 3764 hordea
779 3701 919 3764 dextra?

88 3811 157 3874 Nee
168 3809 198 3872 si
211 3822 329 3874 cuncta
341 3812 459 3895 velim,
469 3809 613 3875 breviter
626 3811 802 3874 decurrere
817 3807 960 3893 possim:
