2788 4880
238 389 241 394 ³
281 417 487 482 LIBER
526 415 778 500 111.,v.591.
975 420 1015 502 69

67 564 235 648 Divisitque
250 563 414 646 animam,
426 563 610 646 sparsitque
624 563 661 626 in
674 565 814 628 vulnera
830 561 945 628 letum.

67 669 171 757 Dirigit
180 669 398 752 hucpuppim
417 668 528 730 miseri
543 688 677 748 quoque
687 671 802 732 dextra
812 669 964 754 Telonis,

68 781 128 863 Qua
141 779 252 842 nullae
268 776 405 858 melius,
426 777 547 862 pelago
557 779 715 852 ,turbante
721 823 731 860 ,
751 777 884 860 carinae

15 941 16 970 ἦ
68 884 213 946 Audivere
226 903 384 946 manum:
398 901 461 945 nee
477 883 537 944 lux
559 892 607 945 est
624 881 736 944 notior
751 873 824 945 ulli'

15 993 17 1064 ξ
69 988 216 1068 Crastina,
232 1007 291 1048 seu
305 987 478 1048 Phoebum
488 986 615 1069 videat,
626 1007 685 1050 seu
700 1007 826 1050 cornua
837 990 953 1072 lunae,

15 1135 17 1180 ,
68 1087 184 1175 Semper
195 1091 343 1154 venturis
357 1088 557 1174 componere
575 1094 710 1156 carbasa
727 1090 844 1154 ventis.

15 1207 16 1240 ³
68 1199 118 1260 Hic
128 1198 236 1260 latiae
248 1207 355 1262 rostro
369 1217 565 1283 compagem
581 1205 716 1282 ruperat
732 1196 819 1260 alni:

15 1307 16 1318 ¹
69 1299 126 1362 Pila
137 1304 192 1364 sed
209 1301 247 1364 in
265 1299 414 1364 medium
429 1313 549 1364 venere
569 1299 743 1364 trementia
757 1290 888 1384 pectus,

15 1391 16 1480 f
69 1405 238 1486 Avertitque
255 1413 361 1477 ratem
377 1401 549 1468 morientis
564 1407 678 1468 dextra
693 1404 856 1491 magistri.
922 1437 926 1442 ·
997 1441 1000 1446 ·

15 1515 16 1524 ’
68 1511 139 1573 Dum
150 1512 240 1596 cupit
253 1511 290 1574 in
306 1511 429 1575 sociam
443 1513 595 1596 Gyareus
614 1533 751 1598 erepere
761 1513 921 1596 puppim,

68 1615 176 1700 Excipit
186 1617 372 1680 immissum
385 1636 543 1699 suspensa
559 1637 619 1699 per
638 1615 698 1680 ilia
717 1617 861 1701 ferrum,

68 1719 248 1804 Adfixusque
265 1721 349 1804 rati,
371 1723 437 1782 telo
453 1721 633 1801 retinente,
654 1720 824 1804 pependit.

98 1825 181 1886 Stant
197 1823 326 1911 gemini
338 1824 472 1905 tratres,-
496 1822 658 1886 fecundae
674 1823 784 1910 gloria
802 1823 932 1907 matris,

68 1919 141 2010 Quos
152 1933 267 1992 eadem
281 1927 380 1992 variis
391 1925 581 2014 genuerunt
596 1924 725 1998 viscera,
741 1931 840 1999 fatie:

15 2089 16 2100 ,
66 2033 231 2115 (Discrevit
248 2055 339 2110 mors
356 2053 454 2098 saeva
468 2033 578 2096 viros:
601 2055 776 2118 unumque
791 2034 945 2098 relietum

15 2169 16 2208 ς
67 2140 221 2224 Agnorunt
237 2139 365 2219 miseri,
387 2141 517 2204 sublato
531 2159 660 2223 errore,
678 2144 845 2224 parentes,
955 2146 1015 2206 606

67 2242 196 2306 Aeternis
211 2237 346 2308 causam
362 2243 523 2307 lacrimis:
535 2255 630 2308 'tenet
646 2245 704 2322 ille
719 2249 869 2311 dolorem

66 2347 197 2432 Semper,
218 2359 250 2412 et
266 2347 424 2412 amissum
439 2349 575 2414 fratrem
590 2349 780 2436 lugentibus
795 2347 928 2437 offert.)

66 2449 197 2531 Quorum
217 2453 318 2536 alter,
337 2452 453 2519 mixtis,
467 2453 606 2535 obliquo
626 2455 758 2538 pectine
775 2457 897 2540 remis,

65 2555 153 2622 Ausus
166 2563 338 2649 Romanae
353 2559 453 2626 Graia
467 2561 508 2621 de
526 2577 641 2650 puppe
658 2561 792 2624 carinae

64 2659 206 2729 Iniectare
220 2653 376 2746 manum3
394 2669 453 2730 sed
469 2685 542 2730 eam
561 2667 673 2760 gravis
690 2669 826 2752 insuper
838 2669 923 2734 ictus

64 2767 219 2854 Amputat:
234 2772 294 2834 illa
308 2781 418 2840 tamen
433 2755 525 2855 nisu,
546 2793 613 2856 quo
635 2777 829 2858 prenderat,
843 2773 968 2860 haesit,

64 2869 265 2960 Deriguitque
281 2885 397 2943 tenens
411 2875 531 2942 strictis
548 2877 732 2941 immortua
744 2877 867 2942 nervis.

64 2977 159 3042 Crevit
170 2981 207 3042 in
218 2981 365 3046 adversis
378 2982 503 3072 virtus3
519 2985 596 3069 plus
613 2981 736 3046 nobilis
751 2981 822 3046 irae

15 3133 16 3150 r
63 3083 196 3152 Truncus
206 3089 323 3150 habet:
343 3088 493 3172 fortique·
506 3089 669 3158 hastaurat
685 3089 814 3172 proelia
827 3089 943 3172 laeva,
1011 3119 1015 3137 r

62 3191 279 3277 Rapturusque
297 3217 391 3260 suam
410 3188 604 3279 procumbit
620 3195 657 3261 in
669 3215 813 3276 aequora
831 3198 1007 3264 dextram(

61 3297 139 3367 Haec
154 3322 287 3385 quoque
305 3323 381 3364 cum
395 3309 465 3366 toto
482 3319 602 3363 manus
620 3309 669 3362 est
682 3299 807 3366 abscisa
821 3299 956 3365 lacerto.

59 3401 120 3469 Iam
129 3411 266 3492 clypeo,
282 3407 421 3488 telisque
432 3425 562 3487 carens,
584 3425 653 3468 non
667 3404 821 3468 conditur
834 3403 905 3468 ima

60 3509 177 3595 Puppe:
193 3513 251 3576 sed
260 3511 443 3596 expositus,
466 3513 679 3592 fraternaque
695 3518 828 3594 pectore
841 3513 933 3576 nudo
965 3501 967 3506 ⁵

61 3615 148 3679 Anna
164 3627 290 3704 tegens,
305 3603 422 3682 'crebra
437 3617 585 3682 confixus
604 3617 740 3700 cuspide
757 3627 900 3700 perstat3

59 3717 193 3804 Telaque
207 3726 405 3803 multorum,
426 3725 493 3786 leto
510 3709 626 3786 casura
638 3743 775 3786 suorum
785 3769 807 3813 ,¹

61 3824 193 3894 Emerita
206 3829 276 3894 iam
295 3841 403 3912 morte
418 3839 516 3898 tenet.
534 3832 622 3894 Tum
633 3831 772 3896 vulnere
790 3827 899 3893 multo
