2824 4880
282 364 286 372 ’
370 393 459 466 234·
612 334 1072 454 euanssnrrr
1170 391 1306 466 esu„
1396 455 1397 466 Ν

368 537 483 626 Aliger
496 534 535 600 iu
549 537 679 601 coelum
694 535 742 602 sic
754 541 851 620 rapta
869 539 1027 628 Gorgone
1042 540 1138 627 fugit.
1258 553 1261 566 ·

368 648 432 710 Ille
449 645 586 726 quidem
605 648 765 734 pensabat
780 645 858 727 iter,
873 645 1077 728 propiusque
1093 639 1226 712 secabat

368 753 527 834 Aethera,
542 750 571 816 si
583 751 710 816 medias
726 753 878 834 Europae
891 751 1055 817 scinderet
1070 755 1186 833 urhes;

368 857 478 920 Pallas
496 855 672 942 frugiferas
685 855 779 920 iussit
793 877 862 918 uon
878 857 1011 920 laedere
1029 865 1150 939 terras,

369 962 411 1023 Et
422 961 516 1045 parci
529 960 673 1045 populis.
694 960 776 1045 Quis
789 961 881 1024 enim
897 981 967 1025 non
980 974 1139 1046 praepete
1153 969 1246 1029 tanto
1317 987 1323 1010 v·

371 1072 514 1135 Aethera
530 1067 727 1152 respiceret?
743 1071 898 1152 Zephyro
914 1071 1118 1134 convertitur
1133 1074 1216 1155 ales,

370 1177 467 1258 Itque
483 1197 583 1260 super
597 1175 745 1259 Libyen,
757 1195 867 1260 ‚quae,
887 1179 982 1241 nullo
999 1178 1125 1242 consita
1139 1182 1250 1261 cultu,

372 1278 544 1343 Sideribus
559 1279 758 1361 Phoeboque
772 1289 884 1342 vacat:
900 1279 1022 1362 premit
1032 1281 1143 1344 orbita
1157 1281 1255 1364 solis,

372 1377 556 1466 Exuritque
572 1387 697 1450 solum:
714 1405 777 1448 nec
793 1395 879 1450 terra
893 1385 1011 1450 celsior
1024 1389 1095 1450 ulla
1119 1429 1121 1434 -

373 1497 449 1556 Nox
464 1493 553 1557 cadit
569 1492 606 1557 in
620 1493 768 1574 eoelum,
785 1493 951 1576 lunaeque
968 1491 1130 1558 meatibus
1146 1495 1271 1577 obstat,

375 1599 411 1663 si
424 1601 526 1665 flexus
541 1598 645 1664 oblita
660 1597 740 1686 vagi
752 1619 813 1682 per
826 1579 916 1662 recta
933 1597 1081 1664 cucurrit
1168 1629 1172 1634 =

376 1706 494 1794 digna,
508 1725 569 1769 nec
582 1705 619 1769 in
632 1709 775 1787 Borean,
788 1713 845 1767 aut
858 1703 896 1770 in
908 1705 1018 1767 Noton
1025 1699 1149 1790 'effirgit
1162 1705 1322 1768 umbram.
1396 1699 1397 1708 ’

375 1812 440 1872 Illa
457 1819 568 1872 tamen
580 1807 699 1872 sterilis
713 1810 828 1892 tellus,
844 1809 1051 1891 fecundaque
1067 1811 1163 1873 nullo

289 1927 292 1934 “
378 1921 468 1982 Arva
481 1919 588 1999 bono,
603 1915 695 1982 virus
710 1919 863 1984 stillantis
878 1923 954 1986 tabe
966 1922 1124 1984 Medusae

381 2021 599 2106 concipiunt,
616 2023 773 2104 dirosque
791 2025 863 2088 fero
877 2027 921 2088 de
936 2011 1099 2110 sanguine
1117 2043 1226 2108 rores,

380 2133 473 2216 Quos
487 2132 578 2194 calor
591 2129 734 2213 adiuvit,
752 2131 910 2215 putrique
921 2129 1048 2194 incoxit
1064 2151 1195 2194 arenae.
1284 2133 1336 2216 699
1396 2149 1397 2230 p

421 2233 503 2314 Hic,
517 2253 604 2314 quae
620 2233 729 2316 prima
744 2245 844 2317 caput
855 2235 961 2298 movit
977 2238 1018 2300 de
1035 2237 1175 2320 pulvere
1192 2239 1294 2322 tabes,
1396 2263 1397 2304 1

382 2337 508 2420 Aspida
523 2336 738 2399 somniferam
756 2335 893 2401 tumida*
900 2340 1026 2404 cervice
1041 2319 1175 2404 leravit.
1243 2351 1247 2357 ’

383 2440 518 2504 Plenior
532 2441 612 2508 huic
624 2437 775 2527 sanguis,
790 2453 823 2506 et
836 2445 936 2508 crassi
948 2453 1042 2532 gutta
1055 2445 1178 2510 veneni
1298 2441 1301 2446 ’
1319 2439 1321 2444 ’

383 2550 530 2615 Decidit:
550 2551 586 2615 in
601 2555 695 2617 nulla
710 2556 788 2638 plus
801 2563 849 2618 est
866 2565 1018 2638 serpente
1030 2567 1190 2620 eoactum.

384 2660 462 2742 Ipsa
476 2659 594 2722 caloris
608 2680 710 2744 egens
722 2661 872 2747 gelidum
888 2681 959 2723 non
973 2660 1088 2724 transit
1100 2661 1136 2722 in
1153 2659 1271 2726 orbem
1396 2671 1397 2740 ζ

387 2764 513 2846 Sponte
524 2783 599 2844 sua,
616 2763 759 2844 Niloque
773 2775 867 2827 tenus
884 2764 1019 2828 metitur
1032 2779 1159 2829 arenas.
1396 2843 1397 2850 ἵ

387 2870 453 2932 Sed
466 2869 541 2950 quis
554 2869 617 2933 erit
628 2871 724 2936 nobis
737 2871 823 2958 lucri
836 2871 965 2964 pudori
976 2871 1059 2938 in'de
1072 2865 1234 2957 petuntur
1396 2903 1397 2910 ¹

389 2980 466 3041 Huc
481 2975 627 3062 Libycae
641 2991 776 3063 mortes,
791 2991 825 3044 et
838 2961 977 3046 fecimus
989 2979 1104 3066 aspida
1119 2977 1273 3045 mei-cem.

390 3085 433 3152 At
445 3101 515 3144 non
528 3093 615 3146 stare
626 3105 724 3147 suum
736 3081 864 3148 miseris
876 3105 1013 3168 passura
1027 3095 1194 3166 cruorem,
1396 3167 1397 3182 χ

393 3189 618 3270 Squamiferos
633 3189 750 3278 ingens
765 3191 1003 3256 Haemorrhois
1015 3195 1157 3277 explicat
1169 3195 1279 3256 orbes:
1396 3211 1397 3218 ¹

392 3295 495 3362 Natus
510 3309 542 3362 et
559 3299 735 3387 ambiguae
751 3303 873 3364 coleret
886 3301 945 3384 qui
957 3301 1107 3385 Syrtidos
1121 3321 1203 3365 arva

396 3404 616 3488 Chersydros,
634 3406 793 3488 tractique
806 3407 862 3470 via
875 3410 1025 3473 fumante
1040 3407 1216 3491 Chelydri:

396 3511 438 3573 Et
450 3531 581 3594 semper
592 3525 683 3578 recto
696 3517 848 3600 lapsurus
859 3511 968 3585 ¹limite
983 3516 1154 3582 cenchris:
1334 3505 1337 3514 ¹

397 3615 553 3681 Pluribus
569 3617 628 3682 ille
643 3619 730 3685 notis
745 3621 906 3692 variatam
921 3621 1070 3711 pingitur
1084 3623 1214 3704 alvum,

399 3719 509 3801 Quam
525 3720 635 3802 parvis
652 3721 771 3786 tinctus
787 3721 926 3787 maculis
938 3725 1119 3788 Thebanus
1134 3721 1284 3808 Ophites:

264 3871 278 3878 r
401 3823 566 3888 Concolor
579 3827 717 3910 exustis,
734 3839 837 3912 atque·
846 3829 1042 3898 indiscretus
1056 3829 1166 3896 arenis
