2790 4874
371 385 429 448 16⁰
618 377 1070 454 ¹PthlSALIAE
1160 385 1278 444 unt.

367 518 483 585 Vincis
499 519 589 603 apud
597 519 738 603 Superos
753 517 837 580 votis
855 537 926 600 me,
938 515 1224 600 Caesar‚iniquis=
1393 591 1394 600 χ

368 627 547 716 Pugnatur.
561 627 729 708 Quantum
738 625 1152 706 scelerum,quantumque
1160 626 1326 688 malorum
1393 621 1394 714 ᾗ

369 725 410 794 in
423 729 636 814 populoslux
655 725 717 789 ista
730 726 833 788 feretl
853 737 935 808 quot
952 747 1055 812 regna
1070 727 1244 791 iacebunll

370 833 536 920 Sanguine
549 835 702 894 Romano
713 841 812 912 quam
831 832 979 894 turbidus
995 831 1057 894 ibit
1074 833 1237 918 Enipeusl

370 938 481 1006 Prima
496 937 598 1000 velim
612 948 710 1018 caput
727 938 791 999 hoc
807 935 929 1000 funesti
941 939 1055 1000 lancea
1072 937 1172 1020 belli,

268 1065 274 1079 ⁸
371 1043 406 1108 si
417 1043 487 1106 sine
506 1054 675 1106 momento
687 1061 812 1120 rerum,
828 1039 994 1122 partisque
1010 1039 1108 1102 ruina

373 1151 532 1216 Casurum
550 1159 611 1230 est,
627 1144 741 1210 feriat:
758 1167 865 1226 neque
884 1146 971 1208 euim
984 1147 1122 1210 victoria
1135 1151 1260 1233 Magno

371 1227 513 1320 laetior.
531 1255 596 1314 Aut
610 1249 742 1334 populis
756 1249 915 1331 invisum,
928 1253 991 1314 hac
1007 1253 1099 1313 clade
1115 1263 1263 1334 peracta,

372 1363 437 1424 Aul
449 1358 564 1440 hodie,
577 1356 751 1439 Pompeius
766 1355 828 1416 erit
843 1354 1029 1422 miserabile
1046 1374 1178 1418 nomen.

374 1467 484 1532 Omne
498 1467 623 1526 malum
633 1461 729 1542 vieti,
747 1463 838 1542 quod
852 1480 922 1524 sors
935 1459 1016 1522 feret
1032 1459 1149 1520 ultima
1159 1479 1289 1538 remma
1393 1487 1394 1500 κ

375 1559 588 1646 Omuenelas
603 1564 736 1628 victoris
747 1564 818 1626 erit.
836 1563 889 1626 sic
903 1563 1009 1644 fatur,
1022 1571 1055 1624 et
1067 1580 1161 1624 arma
1199 1633 1201 1639 A

374 1672 536 1740 Permittit
551 1669 702 1755 populis,
718 1669 892 1748 frenosque
909 1665 1093 1730 furentibus
1112 1665 1162 1728 ira

374 1779 495 1848 Luat:
511 1790 542 1842 et
560 1787 596 1840 ut
606 1776 712 1838 vietus
726 1775 872 1837 violento
885 1773 996 1836 navita
1012 1773 1118 1853 Coro,

374 1885 440 1968 Dat
455 1883 603 1970 regimen
616 1879 737 1961 ventis,
751 1879 974 1978 ignavumque
992 1889 1062 1942 arte
1077 1875 1191 1943 relicta

374 1981 498 2071 Puppis
509 2007 594 2049 onus
610 1985 759 2048 trahitur.
777 1983 921 2068 Trepido
937 1985 1073 2048 confusa
1088 1987 1231 2050 tumultu
1277 2007 1334 2068 ¹²7

376 2093 489 2158 Castra
504 2093 662 2181 fremunt,
677 2091 847 2174 animique
861 2099 965 2154 truces
981 2109 1040 2152 sua
1054 2101 1189 2173 pectora
1200 2092 1336 2174 pulsant

376 2185 498 2258 ictibus
513 2195 657 2258 incertis.
673 2197 854 2258 Multorum
870 2197 978 2278 pallor
994 2195 1030 2258 in
1044 2215 1101 2259 ore
1150 2198 1154 2208 '

377 2295 491 2364 Mortis
506 2305 663 2357 venturae
681 2306 739 2376 est,
750 2296 914 2376 faciesque
931 2295 1099 2360 simillima
1120 2299 1197 2363 leto.

377 2397 554 2462 Advenisse
571 2397 678 2480 diem,
691 2398 749 2480 qui
763 2400 868 2461 saturn
884 2403 982 2464 rebus
995 2401 1032 2464 iu
1046 2422 1165 2466 aevum

379 2503 544 2567 Conderet
560 2504 729 2588 humanis,
745 2515 777 2566 et
793 2502 908 2585 quaeri
919 2509 1026 2569 Roma
1039 2509 1120 2588 quid
1134 2519 1232 2595 esset,

378 2610 442 2672 Illo
454 2613 559 2673 Marte
572 2613 683 2692 palam
697 2622 752 2675 est.
768 2614 833 2674 Sua
843 2614 982 2694 quisque
992 2614 1139 2697 pericula
1154 2619 1257 2684 nescit
1262 2666 1275 2704 ,

332 2776 337 2788 ,
378 2713 542 2776 Attonitus
553 2714 680 2776 maiore
688 2724 788 2776 metu.
805 2715 885 2798 Quis
898 2717 995 2780 litora
1008 2729 1111 2800 poulo

379 2821 523 2901 Obruta,
534 2820 607 2901 quis
616 2819 751 2882 summis
765 2841 901 2884 cernens
913 2820 950 2882 in
963 2822 1130 2886 montibus
1143 2843 1324 2909 aequor,

380 2925 610 3008 Aetheraque
600 2948 637 2988 m
657 2937 771 3008 terras,
788 2927 914 2991 deiecto
930 2931 998 2992 sole
1005 2932 1213 3015 ,cadentem,

380 3034 443 3094 Tot
454 3053 565 3094 rerum
580 3030 698 3114 finem,
713 3032 825 3095 timeat
836 3033 922 3096 sihi?
937 3055 1005 3096 non
1017 3044 1111 3098 vacat
1128 3039 1215 3123 ullos

382 3142 445 3201 Pro
462 3161 495 3202 se
509 3141 594 3203 ferre
608 3151 730 3206 metus.
749 3144 831 3208 Urbi
838 3149 1047 3232 ‚Magnoque
1063 3147 1206 3210 timetur.

381 3241 448 3302 Nec
462 3243 581 3328 gladiis
591 3246 736 3308 habuere
753 3245 867 3332 fidem,
881 3249 944 3313 nisi
934 3249 1083 3314 cotibus
1098 3270 1195 3342 asper

382 3349 507 3414 Exarsit
524 3373 649 3416 mucro·
671 3357 765 3448 Tunc
778 3358 885 3420 omnis
904 3359 1017 3422 lancea
1032 3377 1111 3426 saxo

381 3451 544 3540 Erigitur.
558 3458 696 3524 tendunt
712 3459 820 3524 nervis
838 3461 1030 3524 melioribus
1041 3480 1155 3524 araus.

384 3560 471 3620 Cura
487 3559 549 3620 fuit
568 3561 660 3623 lectis
677 3565 845 3644 pharetras
861 3564 997 3647 implere
1010 3565 1143 3650 sagittis.

382 3663 490 3749 Auget
502 3681 600 3742 eques
609 3663 771 3748 stimulos,
784 3669 1020 3750 frenorumque
1031 3679 1120 3750 aptat
1131 3671 1289 3736 habenas

384 3765 418 3872 Si
430 3765 526 3830 liceat
539 3767 670 3850 Superis
686 3771 861 3834 homiuum
877 3773 1025 3898 conferre
1038 3775 1184 3858 labores,
