2788 4880
317 423 630 488 Llussnlv.
670 423 794 486 mici.
985 422 1026 488 ’85

75 574 210 658 Quoque
225 567 336 634 minus
348 575 482 654 possent
498 567 601 633 siccos
616 567 754 631 tolerare
767 583 925 650 vapores,

74 673 242 760 Quaesitae
253 671 374 738 lecistis
387 691 502 754 aquae.
525 673 592 744 Neu
607 671 766 759 languida
777 671 854 736 fessi

75 781 214 860 Corpora
230 786 413 841 sustentant
431 775 552 859 epulis,
572 795 766 857 mensasque
786 773 897 857 perosi

75 879 235 942 Auxilium
253 879 361 942 iecere
377 879 512 942 famem.
529 877 566 941 Si
581 877 715 942 mollius
727 897 846 942 arrum

75 984 215 1048 Prodidit
226 987 418 1067 humorem,
432 983 572 1071 pingues
585 1003 703 1048 manus
714 993 853 1064 utraque
863 985 976 1071 glebas

74 1086 229 1170 Exprimit
243 1107 304 1150 ora
319 1105 430 1170 super.
448 1085 551 1174 Nigro
561 1085 591 1148 si
606 1084 737 1148 turbida
752 1083 834 1148 limo

76 1195 233 1260 Colluvies
244 1193 384 1258 immota
396 1193 497 1275 iacet,
518 1191 606 1256 cadit
623 1191 733 1258 omnis
745 1190 782 1254 in
795 1193 933 1260 haustus

76 1302 221 1366 Certatim
237 1305 418 1368 obscoenos
430 1303 526 1366 miles
534 1317 546 1364 a·
565 1301 776 1383 moriensque
788 1303 933 1387 recepit,

76 1409 156 1491 Quas
173 1408 279 1469 nollet
292 1405 454 1488 victurus,
472 1423 592 1486 aquas:
611 1403 744 1484 rituque
760 1403 906 1476 ferarum

75 1511 228 1577 Distentas
241 1511 371 1590 siccant
381 1513 541 1595 pecudes,
558 1518 590 1574 et
605 1511 690 1574 lacte
705 1519 842 1598 negato,

74 1622 222 1698 Sordidus
233 1623 394 1686 exhausto
409 1624 560 1687 sorbetur
577 1622 620 1683 ab
634 1623 737 1684 ubere
755 1619 900 1706 sanguis.

74 1727 160 1790 Nune
173 1729 294 1791 herbas
304 1727 505 1808 frondesque
521 1735 649 1808 tenent,
660 1734 692 1787 et
707 1743 784 1787 rore
794 1727 965 1792 madentes

74 1835 279 1922 destringunt
291 1853 418 1899 ramos:
440 1844 490 1915 et,
507 1833 536 1898 si
553 1853 636 1915 quos
653 1831 792 1915 palmite
809 1835 935 1916 murlo,

73 1941 197 2005 Arboris
208 1952 265 2006 aut
282 1935 395 2006 tenera
412 1957 696 2024 succos·pressere
716 1939 873 2004 medulla.
934 1952 936 1961 ¹

108 2045 135 2108 0
151 2045 329 2127 formati,
339 2044 470 2134 lugiens
486 2063 569 2124 quos
581 2045 742 2106 barbarus
757 2043 860 2106 bostis

74 2151 222 2213 Fontibus
235 2148 389 2212 immixto
402 2147 518 2212 stravit
531 2163 591 2228 per
600 2167 679 2210 rura
692 2165 821 2209 veneno
835 2150 843 2208 l
965 2151 1025 2210 iao

75 2254 134 2318 llos
149 2255 228 2318 licet
241 2253 278 2316 in
291 2252 410 2323 baurim
428 2249 569 2332 saniem,
585 2251 763 2331 tabemque
774 2251 939 2334 immor,
993 2239 999 2292 ῗ

75 2356 190 2420 Pallida
201 2356 368 2439 Dictaeis,
383 2359 522 2438 Caesar,
540 2356 708 2422 nascentia
721 2357 809 2422 saxis

76 2460 219 2528 lnbrndas
231 2463 364 2526 aconita
376 2463 508 2548 palam3
529 2465 683 2528 Romana
698 2463 853 2530 iuventus

76 2567 137 2631 Non
147 2571 287 2652 decepta
303 2567 405 2634 bibet.
422 2571 605 2632 Torrentur
622 2570 750 2638 viscera
768 2575 922 2655 flamma,
996 2604 1001 2615 ·

77 2675 196 2759 Oraque
211 2677 299 2742 sicca
317 2677 426 2765 rigent
440 2677 623 2758 squanmsis
635 2697 753 2762 aspera
768 2679 904 2767 linguis

75 2778 134 2846 Iam
149 2791 302 2847 marcent
309 2797 434 2864 venae,
447 2783 607 2862 nulloque
621 2783 761 2848 humore
778 2786 903 2871 rigatus
981 2837 984 2844 .

76 2887 155 2968 liris
168 2891 313 2954 alternos
330 2895 483 2976 angautat
496 2889 613 2971 pulmo
628 2900 773 2972 meatus,

75 2993 275 3079 Rescissoque
287 3006 409 3060 nocent
423 2996 564 3080 suspiria
580 2999 665 3060 dura
683 3000 806 3082 palato.
930 3025 932 3030 ·
971 2987 974 2996 ’

76 3098 215 3166 Pandunt
232 3123 293 3167 ora
310 3115 437 3186 tamen,
456 3113 724 3188 nocturnumque
744 3109 822 3170 aiira
837 3113 981 3190 captant.

15 3261 16 3264 ,
75 3203 258 3291 Exspectant
266 3209 401 3293 imbres,
412 3229 556 3291 quorum
565 3212 666 3273 modo
680 3217 798 3276 cuncta
813 3213 972 3276 natabant

75 3306 228 3395 Inpulsu,
245 3323 278 3376 et
289 3313 383 3378 siccis
399 3315 510 3377 vultus
524 3313 560 3376 in
577 3304 722 3377 nubibus
738 3316 889 3380 haerent.

76 3415 201 3502 Quoque
215 3421 321 3507 magis
338 3421 474 3486 miseros
487 3425 595 3485 undae
613 3421 740 3486 ieiunia
756 3424 904 3504 solvant,
988 3421 997 3477 Γ

76 3522 137 3589 Non
150 3550 249 3612 super
263 3539 411 3592 arentem
431 3533 584 3610 Meroe'n,
607 3529 792 3610 Cancrique
806 3533 962 3614 sub‘axe,

16 3717 17 3720 Ἴ
77 3625 231 3711 Quanudi
245 3634 463 3697 Garamantes
471 3644 582 3716 arant,
597 3635 804 3714 sederc;·sed
816 3635 904 3698 inter

16 3747 17 3758 *
76 3727 271 3819 Stagnantem
280 3738 430 3820 Sicorim,
441 3749 474 3802 et
486 3739 640 3822 rapidum
653 3743 832 3823 deprensus
842 3740 1017 3824 Hiberum,

77 3829 193 3915 Spectat
207 3839 335 3906 viciuos
347 3841 461 3908 sitiens
474 3843 635 3912 exereitus
653 3865 776 3915 amnes·
