2824 4880
363 387 422 454 256
618 389 1059 453 recusamus
1158 327 1284 472 iau.
1401 427 1402 444 Ν

362 525 681 610 Continuiquedies,
692 527 769 592 etin
779 535 855 593 aere
864 533 973 618 longa
989 543 1151 616 potestas:

361 635 425 701 Vel
443 636 535 716 quod
547 638 590 698 ab
609 635 748 698 occiduo
760 637 931 719 depellunt
942 641 1060 702 nubila
1079 643 1173 710 coelo
1243 705 1247 712 ,

304 721 315 732 ’
362 739 468 803 Trans
477 743 605 823 Notou,
622 751 656 804 et
667 741 770 804 fluvio
784 755 907 830 cogunt
920 746 1113 809 incumbere
1126 747 1275 814 nimbos:

361 847 425 911 Vel
439 849 530 928 quod
542 867 645 928 aquas
658 849 752 913 toties
762 852 945 934 rumpentis
958 853 1057 916 litora
1067 855 1135 916 Nili

361 951 509 1015 Adsiduo
519 953 660 1037 feriunt,
681 965 870 1040 coguntque
883 955 1043 1036 resistere,
1059 959 1148 1018 llatu.

361 1058 424 1121 Ille
435 1078 530 1119 mora
542 1079 671 1140 cursus,
690 1058 883 1140 adversique
897 1059 1006 1123 obiice
1022 1061 1119 1142 ponti

362 1164 495 1225 Aestuat
511 1162 547 1225 iu
564 1183 706 1246 campos.
723 1163 805 1226 Sunt
816 1164 875 1243 qui
890 1163 1071 1246 spiramina
1092 1163 1186 1227 terris

362 1272 439 1334 Esse
450 1282 583 1354 putent,
595 1293 797 1359 magnosque
815 1292 914 1334 cavae
928 1274 1096 1358 compagis
1111 1267 1232 1336 hiatus.

363 1375 535 1436 Commeat
547 1376 610 1436 hac
621 1373 753 1455 penitus
772 1373 876 1436 tacitis
891 1375 1090 1438 discursibus
1106 1378 1199 1438 unda

362 1480 498 1568 Frigore
509 1484 552 1544 ab
562 1485 683 1544 Arctoo
694 1481 843 1543 medium
859 1491 1013 1544 revocata
1024 1483 1085 1544 sub
1100 1501 1212 1544 axem:

307 1617 323 1632 ·
363 1589 448 1650 Cum
460 1591 611 1651 Phoebus
625 1587 742 1672 pressit
755 1592 909 1672 Mero'eu,
927 1592 1090 1671 tellusque
1109 1599 1245 1672 perusta

313 1748 316 1754 ,
360 1695 448 1758 Illuc
456 1695 549 1756 duxit
562 1714 675 1776 aquas,
695 1693 835 1756 trahitur
846 1697 1057 1780 Gangesque,
1071 1697 1247 1776 Padusque
1325 1675 1328 1684 I

363 1799 426 1864 Per
443 1801 579 1864 tacitum
597 1799 730 1862 muudi:
751 1810 829 1864 lune
843 1801 956 1863 omnia
970 1801 1109 1872 flumina
1124 1797 1217 1866 Nilus

362 1911 439 1972 Uno
453 1911 543 1972 fonte
560 1927 700 1972 vomens
711 1929 780 1974 uon
792 1929 860 1972 uno
871 1909 1004 1996 gurgite
1022 1911 1157 1993 perfert.

363 2017 508 2098 Rumor,
523 2017 565 2078 ab
577 2015 727 2098 Oceano,
747 2010 805 2098 qui
823 2027 923 2080 terras
937 2017 1062 2103 adligat
1078 2039 1208 2102 omues,

362 2117 559 2183 Exdnda‘ute
571 2123 689 2203 procul
703 2121 885 2184 violentum
904 2143 1077 2204 erumpere
1093 2123 1224 2206 Nilum,
1268 2123 1323 2186 256

362 2228 617 2307 Aequoreosque
635 2227 718 2290 sales
732 2229 834 2314 longo
850 2228 1019 2292 mitescere
1035 2237 1150 2290 tractu.

363 2335 430 2394 Nec
447 2353 515 2394 non
531 2335 667 2396 Oceano
681 2335 772 2416 pasci
791 2338 1026 2418 Phoebumque
1039 2337 1222 2418 polumque

364 2437 551 2501 Credimus:
569 2439 673 2520 huuc,
687 2437 786 2500 calidi
800 2437 906 2524 tetigit
921 2459 995 2502 eum
1013 2437 1149 2501 brachia
1163 2439 1297 2523 Cancri,

364 2549 420 2610 Sol
431 2545 531 2631 rapit,
543 2555 641 2627 atquc
652 2549 761 2609 undae
769 2548 859 2630 plus,
876 2569 977 2628 quam
991 2550 1082 2628 quod
1093 2548 1222 2634 digerat
1231 2553 1302 2631 a'er,

363 2651 516 2715 Tollitur.
531 2655 604 2714 Hoc
618 2661 730 2714 noctes
743 2651 901 2733 referunt,
917 2652 1059 2732 Niloque
1069 2652 1263 2716 refundunt.

363 2759 420 2818 Ast
433 2775 511 2842 ego,
526 2755 555 2818 si
569 2764 693 2818 tantam
706 2755 756 2818 ius
774 2766 821 2819 est
835 2755 918 2818 mihi
931 2759 1059 2818 solvere
1076 2756 1184 2838 litem,
1238 2833 1240 2840 γ

364 2863 548 2948 Quasdam,
563 2865 696 2947 Caesar,
713 2883 814 2945 aquas
826 2873 907 2948 post,
916 2864 1035 2926 mundi
1048 2885 1119 2926 sera
1130 2863 1254 2946 peracti

350 2967 499 3050 ¹Secula,
515 2969 680 3033 concussis
694 2979 854 3032 terrarum
868 2989 1041 3050 erumpere
1055 2969 1165 3051 venis,

280 3123 282 3132 χ
363 3073 439 3134 Non
449 3071 484 3133 id
500 3083 618 3158 agente
628 3075 714 3154 Deo,
731 3075 890 3154 quasdam
908 3091 1067 3158 compage
1083 3073 1146 3135 sub
1160 3071 1232 3157 ipsa

364 3177 450 3235 Cum
466 3185 533 3238 toto
548 3177 691 3258 coepisse
703 3196 793 3257 reor,
811 3196 892 3257 quas
906 3176 963 3238 ille
976 3188 1128 3240 creator*

364 3281 471 3361 Atque
482 3281 594 3364 opifex
607 3301 719 3343 rerum
735 3291 823 3344 certo
837 3283 898 3346 sub
912 3281 985 3344 iure
1003 3287 1141 3347 coiircel.

406 3388 500 3469 Quae
514 3385 574 3448 tibi
585 3387 742 3450 noscendi
750 3388 879 3471 Nilum,
897 3392 1063 3470 Romane,
1077 3388 1201 3471 cupido
1218 3395 1281 3472 est,
1401 3371 1402 3466 l

365 3491 406 3552 Et
416 3491 561 3575 Phariis,
577 3493 836 3575 Persisqueluit,
853 3491 1085 3577 Macetumque
1095 3497 1263 3579 tyrannis:
1401 3487 1402 3490 ¹

365 3599 530 3678 Nullaque
542 3621 610 3663 non
621 3612 708 3663 aetas
719 3601 824 3664 voluit
841 3603 990 3669 conferre
1008 3603 1130 3668 futuris

366 3687 536 3764 Notitiam:
551 3707 609 3767 sed
622 3705 725 3768 vincit
738 3708 847 3769 adhuc
862 3717 979 3772 natura
996 3709 1132 3773 latendi.
1160 3752 1161 3756 =

327 3871 328 3874 ,
367 3815 520 3879 Summus
532 3816 718 3880 Alexander
735 3839 869 3906 regum,
888 3841 970 3901 quos
984 3801 1150 3906 Mempllis
1167 3822 1289 3902 adorat,
