<?xml version="1.0" encoding="UTF-8"?>
<!DOCTYPE html PUBLIC "-//W3C//DTD XHTML 1.0 Transitional//EN"
    "http://www.w3.org/TR/xhtml1/DTD/xhtml1-transitional.dtd">
<html xmlns="http://www.w3.org/1999/xhtml" xml:lang="en" lang="en">
 <head>
  <title>
</title>
<meta http-equiv="Content-Type" content="text/html;charset=utf-8" />
  <meta name='ocr-system' content='tesseract 3.04.00' />
  <meta name='ocr-capabilities' content='ocr_page ocr_carea ocr_par ocr_line ocrx_word'/>
</head>
<body>
  <div class='ocr_page' id='page_1' title='image "./marciannaeiluca00bipogoog_0018.png"; bbox 0 0 2852 4878; ppageno 0'>
   <div class='ocr_carea' id='block_1_1' title="bbox 236 351 1068 434">
    <p class='ocr_par' dir='ltr' id='par_1_1' title="bbox 236 351 1068 434">
     <span class='ocr_line' id='line_1_1' title="bbox 236 351 1068 434; baseline 0.004 -4"><span class='ocrx_word' id='word_1_1' title='bbox 236 351 311 430; x_wconf 87' lang='lat' dir='ltr'>DE</span> <span class='ocrx_word' id='word_1_2' title='bbox 335 353 387 428; x_wconf 90' lang='lat' dir='ltr'>M.</span> <span class='ocrx_word' id='word_1_3' title='bbox 413 351 659 430; x_wconf 79' lang='grc' dir='ltr'>ΑΝΝΑΕΟ</span> <span class='ocrx_word' id='word_1_4' title='bbox 681 355 931 433; x_wconf 83' lang='lat' dir='ltr'><strong>LUCANO.</strong></span> <span class='ocrx_word' id='word_1_5' title='bbox 991 377 1068 434; x_wconf 85' lang='lat' dir='ltr'>xm</span> 
     </span>
    </p>
   </div>
   <div class='ocr_carea' id='block_1_2' title="bbox 94 518 1067 958">
    <p class='ocr_par' dir='ltr' id='par_1_2' title="bbox 94 518 1067 958">
     <span class='ocr_line' id='line_1_2' title="bbox 94 518 1064 618; baseline -0.004 -24"><span class='ocrx_word' id='word_1_6' title='bbox 94 520 199 594; x_wconf 85' lang='lat' dir='ltr'>nime</span> <span class='ocrx_word' id='word_1_7' title='bbox 210 518 317 590; x_wconf 78' lang='lat' dir='ltr'>rudis.</span> <span class='ocrx_word' id='word_1_8' title='bbox 330 519 496 594; x_wconf 84' lang='lat' dir='ltr'>Lucanus</span> <span class='ocrx_word' id='word_1_9' title='bbox 505 519 756 617; x_wconf 71' lang='lat' dir='ltr'>perstringitur</span> <span class='ocrx_word' id='word_1_10' title='bbox 770 520 973 594; x_wconf 86' lang='lat' dir='ltr'>aPetrunio</span> <span class='ocrx_word' id='word_1_11' title='bbox 985 545 1064 618; x_wconf 80' lang='lat' dir='ltr'><strong>cap.</strong></span> 
     </span>
     <span class='ocr_line' id='line_1_3' title="bbox 99 631 1067 733; baseline 0.004 -31"><span class='ocrx_word' id='word_1_12' title='bbox 99 633 182 702; x_wconf 82' lang='lat'>118.</span> <span class='ocrx_word' id='word_1_13' title='bbox 195 631 249 702; x_wconf 81' lang='lat' dir='ltr'>his</span> <span class='ocrx_word' id='word_1_14' title='bbox 261 631 398 702; x_wconf 84' lang='lat' dir='ltr'>verbis:</span> <span class='ocrx_word' id='word_1_15' title='bbox 422 631 505 702; x_wconf 84' lang='lat' dir='ltr'>Eece</span> <span class='ocrx_word' id='word_1_16' title='bbox 520 633 620 704; x_wconf 82' lang='lat' dir='ltr'><em>libelli</em></span> <span class='ocrx_word' id='word_1_17' title='bbox 638 633 743 704; x_wconf 81' lang='lat' dir='ltr'>ciuilis</span> <span class='ocrx_word' id='word_1_18' title='bbox 757 636 874 726; x_wconf 85' lang='lat' dir='ltr'>ingens</span> <span class='ocrx_word' id='word_1_19' title='bbox 892 658 970 733; x_wconf 83' lang='lat' dir='ltr'>opos</span> <span class='ocrx_word' id='word_1_20' title='bbox 981 638 1067 732; x_wconf 78' lang='lat' dir='ltr'>quie·</span> 
     </span>
     <span class='ocr_line' id='line_1_4' title="bbox 94 737 1062 842; baseline 0 -26"><span class='ocrx_word' id='word_1_21' title='bbox 94 748 171 841; x_wconf 82' lang='lat' dir='ltr'>quis</span> <span class='ocrx_word' id='word_1_22' title='bbox 190 745 365 838; x_wconf 82' lang='lat' dir='ltr'>attigerit.</span> <span class='ocrx_word' id='word_1_23' title='bbox 384 745 448 814; x_wconf 86' lang='lat' dir='ltr'>uisi</span> <span class='ocrx_word' id='word_1_24' title='bbox 465 743 582 842; x_wconf 81' lang='lat' dir='ltr'>plenus</span> <span class='ocrx_word' id='word_1_25' title='bbox 603 743 728 819; x_wconf 78' lang='lat' dir='ltr'>literis,</span> <span class='ocrx_word' id='word_1_26' title='bbox 745 745 803 814; x_wconf 88' lang='lat' dir='ltr'>sul</span> <span class='ocrx_word' id='word_1_27' title='bbox 818 769 911 816; x_wconf 86' lang='lat' dir='ltr'>onere</span> <span class='ocrx_word' id='word_1_28' title='bbox 925 737 1062 816; x_wconf 73' lang='lat' dir='ltr'>lole&#39;tu&#39;r.</span> 
     </span>
     <span class='ocr_line' id='line_1_5' title="bbox 95 853 1067 958; baseline -0.003 -29"><span class='ocrx_word' id='word_1_29' title='bbox 95 857 174 929; x_wconf 85' lang='lat' dir='ltr'>Non</span> <span class='ocrx_word' id='word_1_30' title='bbox 191 859 276 926; x_wconf 84' lang='lat' dir='ltr'>euim</span> <span class='ocrx_word' id='word_1_31' title='bbox 289 880 341 924; x_wconf 83' lang='lat' dir='ltr'>res</span> <span class='ocrx_word' id='word_1_32' title='bbox 348 873 463 958; x_wconf 81' lang='lat' dir='ltr'>gertoe</span> <span class='ocrx_word' id='word_1_33' title='bbox 480 853 622 926; x_wconf 81' lang='lat' dir='ltr'>uersibus</span> <span class='ocrx_word' id='word_1_34' title='bbox 643 854 952 954; x_wconf 76' lang='lat' dir='ltr'>comprehendendae</span> <span class='ocrx_word' id='word_1_35' title='bbox 965 871 1067 932; x_wconf 78' lang='lat' dir='ltr'>suut:</span> 
     </span>
    </p>
   </div>
   <div class='ocr_carea' id='block_1_3' title="bbox 94 962 1062 1146">
    <p class='ocr_par' dir='ltr' id='par_1_3' title="bbox 94 962 1062 1146">
     <span class='ocr_line' id='line_1_6' title="bbox 94 962 1062 1064; baseline -0.003 -29"><span class='ocrx_word' id='word_1_36' title='bbox 94 965 183 1064; x_wconf 73' lang='lat' dir='ltr'>quod</span> <span class='ocrx_word' id='word_1_37' title='bbox 197 967 293 1057; x_wconf 83' lang='lat' dir='ltr'>longe</span> <span class='ocrx_word' id='word_1_38' title='bbox 302 966 418 1034; x_wconf 88' lang='lat' dir='ltr'>melius</span> <span class='ocrx_word' id='word_1_39' title='bbox 428 963 590 1034; x_wconf 81' lang='lat' dir='ltr'>Historici</span> <span class='ocrx_word' id='word_1_40' title='bbox 593 962 850 1060; x_wconf 59' lang='lat' dir='ltr'>sociantquom</span> <span class='ocrx_word' id='word_1_41' title='bbox 863 963 984 1036; x_wconf 83' lang='lat' dir='ltr'>Poi&#39;toe</span> <span class='ocrx_word' id='word_1_42' title='bbox 993 981 1062 1038; x_wconf 85' lang='lat' dir='ltr'>etc.</span> 
     </span>
     <span class='ocr_line' id='line_1_7' title="bbox 95 1070 1060 1146; baseline -0.002 0"><span class='ocrx_word' id='word_1_43' title='bbox 95 1073 236 1146; x_wconf 86' lang='lat' dir='ltr'>Confer</span> <span class='ocrx_word' id='word_1_44' title='bbox 245 1073 320 1142; x_wconf 87' lang='lat' dir='ltr'>Iani</span> <span class='ocrx_word' id='word_1_45' title='bbox 335 1070 1060 1144; x_wconf 82' lang='lat' dir='ltr'>DeusaePraecidaneaadPetron.lib.11.</span> 
     </span>
    </p>
   </div>
   <div class='ocr_carea' id='block_1_4' title="bbox 1 1179 1159 2384">
    <p class='ocr_par' dir='ltr' id='par_1_4' title="bbox 95 1179 1063 1279">
     <span class='ocr_line' id='line_1_8' title="bbox 95 1179 1063 1279; baseline 0 -23"><span class='ocrx_word' id='word_1_46' title='bbox 95 1209 175 1279; x_wconf 88' lang='lat' dir='ltr'><strong>cap.</strong></span> <span class='ocrx_word' id='word_1_47' title='bbox 193 1205 249 1256; x_wconf 80' lang='lat' dir='ltr'>ln.</span> <span class='ocrx_word' id='word_1_48' title='bbox 272 1183 412 1253; x_wconf 85' lang='lat' dir='ltr'>Tamen</span> <span class='ocrx_word' id='word_1_49' title='bbox 425 1183 528 1276; x_wconf 84' lang='lat' dir='ltr'><strong>Casp.</strong></span> <span class='ocrx_word' id='word_1_50' title='bbox 551 1179 712 1253; x_wconf 71' lang='lat' dir='ltr'>Bulaeus</span> <span class='ocrx_word' id='word_1_51' title='bbox 731 1181 840 1254; x_wconf 84' lang='lat' dir='ltr'>Tum.</span> <span class='ocrx_word' id='word_1_52' title='bbox 852 1179 879 1251; x_wconf 91' lang='grc' dir='ltr'>Ι.</span> <span class='ocrx_word' id='word_1_53' title='bbox 892 1181 1014 1253; x_wconf 75' lang='grc' dir='ltr'><strong>Ροὲω.</strong></span> <span class='ocrx_word' id='word_1_54' title='bbox 1026 1205 1063 1278; x_wconf 87' lang='lat' dir='ltr'>p.</span> 
     </span>
    </p>

    <p class='ocr_par' dir='ltr' id='par_1_5' title="bbox 95 1290 1159 1594">
     <span class='ocr_line' id='line_1_9' title="bbox 95 1290 1159 1390; baseline -0.013 -23"><span class='ocrx_word' id='word_1_55' title='bbox 95 1320 141 1389; x_wconf 78' lang='lat'>41</span> <span class='ocrx_word' id='word_1_56' title='bbox 151 1317 182 1380; x_wconf 84' lang='grc'>7.</span> <span class='ocrx_word' id='word_1_57' title='bbox 198 1319 245 1365; x_wconf 85' lang='lat' dir='ltr'>ex</span> <span class='ocrx_word' id='word_1_58' title='bbox 261 1317 412 1390; x_wconf 83' lang='lat' dir='ltr'>persona</span> <span class='ocrx_word' id='word_1_59' title='bbox 426 1290 577 1364; x_wconf 82' lang='lat' dir='ltr'>Lucani:</span> <span class='ocrx_word' id='word_1_60' title='bbox 1156 1305 1159 1311; x_wconf 82' lang='grc'><strong>’</strong></span> 
     </span>
     <span class='ocr_line' id='line_1_10' title="bbox 146 1401 1024 1482; baseline 0.005 -6"><span class='ocrx_word' id='word_1_61' title='bbox 146 1406 213 1476; x_wconf 87' lang='lat' dir='ltr'>Cui</span> <span class='ocrx_word' id='word_1_62' title='bbox 227 1408 335 1475; x_wconf 86' lang='lat' dir='ltr'>minus</span> <span class='ocrx_word' id='word_1_63' title='bbox 347 1401 534 1473; x_wconf 84' lang='lat' dir='ltr'>Historicus</span> <span class='ocrx_word' id='word_1_64' title='bbox 547 1401 681 1478; x_wconf 84' lang='lat' dir='ltr'>credor.</span> <span class='ocrx_word' id='word_1_65' title='bbox 700 1405 807 1476; x_wconf 85' lang='lat' dir='ltr'>minus</span> <span class='ocrx_word' id='word_1_66' title='bbox 825 1427 890 1476; x_wconf 84' lang='lat' dir='ltr'>esse</span> <span class='ocrx_word' id='word_1_67' title='bbox 902 1403 1024 1482; x_wconf 74' lang='lat' dir='ltr'>Poe‘to.</span> 
     </span>
     <span class='ocr_line' id='line_1_11' title="bbox 194 1511 952 1594; baseline 0 -10"><span class='ocrx_word' id='word_1_68' title='bbox 194 1515 252 1584; x_wconf 92' lang='lat' dir='ltr'>Me</span> <span class='ocrx_word' id='word_1_69' title='bbox 262 1516 366 1584; x_wconf 86' lang='lat' dir='ltr'>minor</span> <span class='ocrx_word' id='word_1_70' title='bbox 377 1515 431 1594; x_wconf 76' lang='lat' dir='ltr'>&#39;est</span> <span class='ocrx_word' id='word_1_71' title='bbox 442 1528 552 1587; x_wconf 81' lang='lat' dir='ltr'>uates.</span> <span class='ocrx_word' id='word_1_72' title='bbox 574 1535 625 1582; x_wconf 89' lang='lat' dir='ltr'>me</span> <span class='ocrx_word' id='word_1_73' title='bbox 635 1514 739 1583; x_wconf 83' lang='lat' dir='ltr'>minor</span> <span class='ocrx_word' id='word_1_74' title='bbox 754 1511 952 1584; x_wconf 85' lang='lat' dir='ltr'>Historicus.</span> 
     </span>
    </p>

    <p class='ocr_par' dir='ltr' id='par_1_6' title="bbox 1 1619 1064 2384">
     <span class='ocr_line' id='line_1_12' title="bbox 143 1619 1063 1714; baseline 0.004 -22"><span class='ocrx_word' id='word_1_75' title='bbox 143 1621 324 1696; x_wconf 82' lang='lat' dir='ltr'>Atheismi</span> <span class='ocrx_word' id='word_1_76' title='bbox 344 1624 480 1692; x_wconf 84' lang='lat' dir='ltr'>crimen</span> <span class='ocrx_word' id='word_1_77' title='bbox 501 1619 649 1692; x_wconf 84' lang='lat' dir='ltr'>Lucano</span> <span class='ocrx_word' id='word_1_78' title='bbox 666 1623 864 1714; x_wconf 81' lang='lat' dir='ltr'>impactum</span> <span class='ocrx_word' id='word_1_79' title='bbox 883 1623 930 1695; x_wconf 85' lang='lat' dir='ltr'>ab</span> <span class='ocrx_word' id='word_1_80' title='bbox 946 1647 990 1694; x_wconf 89' lang='lat' dir='ltr'>eo</span> <span class='ocrx_word' id='word_1_81' title='bbox 1005 1645 1063 1696; x_wconf 85' lang='lat' dir='ltr'>re-</span> 
     </span>
     <span class='ocr_line' id='line_1_13' title="bbox 1 1729 1064 1836; baseline 0.001 -30"><span class='ocrx_word' id='word_1_82' title='bbox 1 1825 2 1836; x_wconf 14' lang='lat'><em>*</em></span> <span class='ocrx_word' id='word_1_83' title='bbox 93 1750 223 1806; x_wconf 88' lang='lat' dir='ltr'>movet</span> <span class='ocrx_word' id='word_1_84' title='bbox 235 1747 361 1803; x_wconf 89' lang='lat' dir='ltr'>auotor</span> <span class='ocrx_word' id='word_1_85' title='bbox 373 1729 613 1825; x_wconf 81' lang='lat' dir='ltr'>Epistularum¹</span> <span class='ocrx_word' id='word_1_86' title='bbox 621 1729 741 1802; x_wconf 86' lang='lat' dir='ltr'>Italice</span> <span class='ocrx_word' id='word_1_87' title='bbox 756 1733 933 1804; x_wconf 84' lang='lat' dir='ltr'>editarum</span> <span class='ocrx_word' id='word_1_88' title='bbox 945 1733 1064 1807; x_wconf 90' lang='lat' dir='ltr'>Bono·</span> 
     </span>
     <span class='ocr_line' id='line_1_14' title="bbox 1 1839 1063 1940; baseline 0.003 -26"><span class='ocrx_word' id='word_1_89' title='bbox 1 1887 2 1890; x_wconf 60' lang='lat'><em>=</em></span> <span class='ocrx_word' id='word_1_90' title='bbox 94 1845 177 1916; x_wconf 78' lang='lat' dir='ltr'>uiae</span> <span class='ocrx_word' id='word_1_91' title='bbox 197 1869 227 1914; x_wconf 87' lang='lat' dir='ltr'>a.</span> <span class='ocrx_word' id='word_1_92' title='bbox 253 1843 354 1926; x_wconf 81' lang='lat'>1708.</span> <span class='ocrx_word' id='word_1_93' title='bbox 374 1844 406 1916; x_wconf 89' lang='lat'>8.</span> <span class='ocrx_word' id='word_1_94' title='bbox 428 1865 508 1940; x_wconf 86' lang='lat' dir='ltr'><strong>pag.</strong></span> <span class='ocrx_word' id='word_1_95' title='bbox 523 1865 582 1934; x_wconf 75' lang='lat'>32.</span> <span class='ocrx_word' id='word_1_96' title='bbox 605 1863 685 1932; x_wconf 73' lang='lat'>242.</span> <span class='ocrx_word' id='word_1_97' title='bbox 710 1839 800 1913; x_wconf 86' lang='lat' dir='ltr'>Acta</span> <span class='ocrx_word' id='word_1_98' title='bbox 826 1841 1063 1917; x_wconf 86' lang='lat' dir='ltr'>Eruditorum</span> 
     </span>
     <span class='ocr_line' id='line_1_15' title="bbox 94 1950 1063 2050; baseline -0.004 -20"><span class='ocrx_word' id='word_1_99' title='bbox 94 1956 192 2050; x_wconf 75' lang='lat' dir='ltr'>Lipe.</span> <span class='ocrx_word' id='word_1_100' title='bbox 205 1957 314 2026; x_wconf 86' lang='lat' dir='ltr'>Tum.</span> <span class='ocrx_word' id='word_1_101' title='bbox 329 1955 390 2026; x_wconf 85' lang='lat' dir='ltr'>1V.</span> <span class='ocrx_word' id='word_1_102' title='bbox 401 1950 644 2048; x_wconf 81' lang='lat' dir='ltr'>supplementi</span> <span class='ocrx_word' id='word_1_103' title='bbox 659 1977 738 2050; x_wconf 88' lang='lat' dir='ltr'><strong>pag.</strong></span> <span class='ocrx_word' id='word_1_104' title='bbox 755 1954 814 2024; x_wconf 77' lang='lat'>62.</span> <span class='ocrx_word' id='word_1_105' title='bbox 828 1977 899 2044; x_wconf 81' lang='lat' dir='ltr'>seq.</span> <span class='ocrx_word' id='word_1_106' title='bbox 916 1952 1063 2026; x_wconf 82' lang='lat' dir='ltr'>Merno-</span> 
     </span>
     <span class='ocr_line' id='line_1_16' title="bbox 93 2062 1063 2162; baseline 0.002 -27"><span class='ocrx_word' id='word_1_107' title='bbox 93 2062 166 2135; x_wconf 84' lang='lat' dir='ltr'>riae</span> <span class='ocrx_word' id='word_1_108' title='bbox 179 2063 326 2134; x_wconf 84' lang='lat' dir='ltr'>Trevol.</span> <span class='ocrx_word' id='word_1_109' title='bbox 345 2064 446 2146; x_wconf 79' lang='lat'><strong>1706.</strong></span> <span class='ocrx_word' id='word_1_110' title='bbox 460 2087 548 2162; x_wconf 85' lang='lat' dir='ltr'><strong>pag..</strong></span> <span class='ocrx_word' id='word_1_111' title='bbox 553 2087 571 2152; x_wconf 83' lang='lat'>5</span> <span class='ocrx_word' id='word_1_112' title='bbox 580 2087 634 2150; x_wconf 86' lang='lat'>70.</span> <span class='ocrx_word' id='word_1_113' title='bbox 648 2063 689 2134; x_wconf 92' lang='lat' dir='ltr'>ln</span> <span class='ocrx_word' id='word_1_114' title='bbox 700 2062 855 2156; x_wconf 84' lang='lat' dir='ltr'>antiquie</span> <span class='ocrx_word' id='word_1_115' title='bbox 866 2062 1063 2139; x_wconf 76' lang='lat' dir='ltr'>Codicibue</span> 
     </span>
     <span class='ocr_line' id='line_1_17' title="bbox 93 2171 812 2270; baseline 0.006 -29.433"><span class='ocrx_word' id='word_1_116' title='bbox 93 2171 167 2250; x_wconf 79' lang='lat' dir='ltr'>hoc</span> <span class='ocrx_word' id='word_1_117' title='bbox 182 2171 230 2242; x_wconf 86' lang='lat' dir='ltr'>de</span> <span class='ocrx_word' id='word_1_118' title='bbox 246 2172 392 2243; x_wconf 90' lang='lat' dir='ltr'>Lucano</span> <span class='ocrx_word' id='word_1_119' title='bbox 406 2173 650 2244; x_wconf 81' lang='lat' dir='ltr'>Hexastichon</span> <span class='ocrx_word' id='word_1_120' title='bbox 664 2171 812 2270; x_wconf 78' lang='lat' dir='ltr'>legitur:</span> 
     </span>
     <span class='ocr_line' id='line_1_18' title="bbox 145 2276 1009 2384; baseline 0.008 -28"><span class='ocrx_word' id='word_1_121' title='bbox 145 2283 297 2356; x_wconf 84' lang='lat' dir='ltr'>Corduba</span> <span class='ocrx_word' id='word_1_122' title='bbox 309 2311 358 2356; x_wconf 87' lang='lat' dir='ltr'>me</span> <span class='ocrx_word' id='word_1_123' title='bbox 373 2276 511 2380; x_wconf 75' lang='lat' dir='ltr'>genuit,</span> <span class='ocrx_word' id='word_1_124' title='bbox 531 2290 644 2384; x_wconf 77' lang='lat' dir='ltr'>rapuit</span> <span class='ocrx_word' id='word_1_125' title='bbox 658 2286 766 2358; x_wconf 83' lang='lat' dir='ltr'>Nero:</span> <span class='ocrx_word' id='word_1_126' title='bbox 776 2287 902 2384; x_wconf 86' lang='lat' dir='ltr'>proelio</span> <span class='ocrx_word' id='word_1_127' title='bbox 916 2288 1009 2365; x_wconf 79' lang='lat' dir='ltr'>dixi.</span> 
     </span>
    </p>
   </div>
   <div class='ocr_carea' id='block_1_5' title="bbox 142 2393 1061 2934">
    <p class='ocr_par' dir='ltr' id='par_1_7' title="bbox 145 2393 947 2604">
     <span class='ocr_line' id='line_1_19' title="bbox 194 2393 947 2509; baseline -0.003 -43"><span class='ocrx_word' id='word_1_128' title='bbox 194 2393 292 2509; x_wconf 68' lang='lat' dir='ltr'>Quae</span> <span class='ocrx_word' id='word_1_129' title='bbox 297 2421 426 2490; x_wconf 82' lang='lat' dir='ltr'>gessere</span> <span class='ocrx_word' id='word_1_130' title='bbox 434 2419 531 2496; x_wconf 81' lang='lat' dir='ltr'>pares</span> <span class='ocrx_word' id='word_1_131' title='bbox 542 2397 620 2503; x_wconf 77' lang='lat' dir='ltr'>ltine</span> <span class='ocrx_word' id='word_1_132' title='bbox 635 2420 741 2470; x_wconf 79' lang='lat' dir='ltr'>socer,</span> <span class='ocrx_word' id='word_1_133' title='bbox 756 2395 829 2465; x_wconf 82' lang='lat' dir='ltr'>inde</span> <span class='ocrx_word' id='word_1_134' title='bbox 838 2419 947 2490; x_wconf 84' lang='lat' dir='ltr'>gener.</span> 
     </span>
     <span class='ocr_line' id='line_1_20' title="bbox 145 2503 901 2604; baseline 0.004 -28"><span class='ocrx_word' id='word_1_135' title='bbox 145 2503 309 2576; x_wconf 81' lang='lat' dir='ltr'>Continuo</span> <span class='ocrx_word' id='word_1_136' title='bbox 323 2532 488 2604; x_wconf 82' lang='lat' dir='ltr'>nunquam</span> <span class='ocrx_word' id='word_1_137' title='bbox 500 2507 609 2578; x_wconf 85' lang='lat' dir='ltr'>direxi</span> <span class='ocrx_word' id='word_1_138' title='bbox 620 2508 767 2578; x_wconf 76' lang='lat' dir='ltr'>connino</span> <span class='ocrx_word' id='word_1_139' title='bbox 782 2503 901 2580; x_wconf 81' lang='lat' dir='ltr'>duero.</span> 
     </span>
    </p>

    <p class='ocr_par' dir='ltr' id='par_1_8' title="bbox 142 2613 1061 2823">
     <span class='ocr_line' id='line_1_21' title="bbox 193 2613 1061 2728; baseline 0.002 -42"><span class='ocrx_word' id='word_1_140' title='bbox 193 2616 291 2728; x_wconf 67' lang='lat' dir='ltr'>Quae</span> <span class='ocrx_word' id='word_1_141' title='bbox 306 2619 438 2688; x_wconf 83' lang='lat' dir='ltr'>tractim</span> <span class='ocrx_word' id='word_1_142' title='bbox 454 2618 596 2716; x_wconf 66' lang='lat' dir='ltr'>serpiti¹</span> <span class='ocrx_word' id='word_1_143' title='bbox 619 2617 694 2714; x_wconf 87' lang='lat' dir='ltr'>plus</span> <span class='ocrx_word' id='word_1_144' title='bbox 709 2613 791 2684; x_wconf 84' lang='lat' dir='ltr'>mili</span> <span class='ocrx_word' id='word_1_145' title='bbox 807 2635 933 2684; x_wconf 87' lang='lat' dir='ltr'>commo</span> <span class='ocrx_word' id='word_1_146' title='bbox 940 2613 1061 2713; x_wconf 81' lang='lat' dir='ltr'>placet.</span> 
     </span>
     <span class='ocr_line' id='line_1_22' title="bbox 142 2723 1004 2823; baseline 0.001 -25"><span class='ocrx_word' id='word_1_147' title='bbox 142 2723 308 2798; x_wconf 71' lang='lat' dir='ltr'>Fulminis</span> <span class='ocrx_word' id='word_1_148' title='bbox 320 2730 354 2798; x_wconf 87' lang='lat' dir='ltr'>in</span> <span class='ocrx_word' id='word_1_149' title='bbox 368 2751 484 2798; x_wconf 87' lang='lat' dir='ltr'>morem</span> <span class='ocrx_word' id='word_1_150' title='bbox 495 2751 577 2823; x_wconf 85' lang='lat' dir='ltr'>quoe</span> <span class='ocrx_word' id='word_1_151' title='bbox 593 2743 670 2796; x_wconf 83' lang='lat' dir='ltr'>sunt</span> <span class='ocrx_word' id='word_1_152' title='bbox 682 2723 833 2794; x_wconf 85' lang='lat' dir='ltr'>mirando</span> <span class='ocrx_word' id='word_1_153' title='bbox 852 2725 1004 2798; x_wconf 74' lang='lat' dir='ltr'>uitentur.</span> 
     </span>
    </p>

    <p class='ocr_par' dir='ltr' id='par_1_9' title="bbox 193 2829 842 2934">
     <span class='ocr_line' id='line_1_23' title="bbox 193 2829 842 2934; baseline -0.003 -28"><span class='ocrx_word' id='word_1_154' title='bbox 193 2835 289 2906; x_wconf 86' lang='lat' dir='ltr'>Haec</span> <span class='ocrx_word' id='word_1_155' title='bbox 305 2861 379 2908; x_wconf 80' lang='lat' dir='ltr'>vero</span> <span class='ocrx_word' id='word_1_156' title='bbox 394 2839 499 2934; x_wconf 82' lang='lat' dir='ltr'>sapiet</span> <span class='ocrx_word' id='word_1_157' title='bbox 518 2835 614 2905; x_wconf 86' lang='lat' dir='ltr'>dictio</span> <span class='ocrx_word' id='word_1_158' title='bbox 636 2858 717 2930; x_wconf 84' lang='lat' dir='ltr'>quae</span> <span class='ocrx_word' id='word_1_159' title='bbox 726 2829 842 2931; x_wconf 83' lang='lat' dir='ltr'>feriet.</span> 
     </span>
    </p>
   </div>
   <div class='ocr_carea' id='block_1_6' title="bbox 92 2961 1061 3300">
    <p class='ocr_par' dir='ltr' id='par_1_10' title="bbox 92 2961 1061 3300">
     <span class='ocr_line' id='line_1_24' title="bbox 142 2961 1061 3060; baseline -0.001 -20"><span class='ocrx_word' id='word_1_160' title='bbox 142 2965 267 3040; x_wconf 89' lang='lat' dir='ltr'>Vitam</span> <span class='ocrx_word' id='word_1_161' title='bbox 278 2967 434 3056; x_wconf 81' lang='lat' dir='ltr'>Lucani,</span> <span class='ocrx_word' id='word_1_162' title='bbox 448 2992 468 3038; x_wconf 88' lang='lat' dir='ltr'>a</span> <span class='ocrx_word' id='word_1_163' title='bbox 480 2967 656 3039; x_wconf 88' lang='lat' dir='ltr'>Suetonio</span> <span class='ocrx_word' id='word_1_164' title='bbox 670 2965 857 3060; x_wconf 81' lang='lat' dir='ltr'>scriptam,</span> <span class='ocrx_word' id='word_1_165' title='bbox 875 2961 921 3038; x_wconf 84' lang='lat' dir='ltr'>ad</span> <span class='ocrx_word' id='word_1_166' title='bbox 930 2965 1061 3039; x_wconf 75' lang='lat' dir='ltr'>Casan-</span> 
     </span>
     <span class='ocr_line' id='line_1_25' title="bbox 92 3077 1060 3174; baseline 0.004 -23"><span class='ocrx_word' id='word_1_167' title='bbox 92 3081 240 3151; x_wconf 88' lang='lat' dir='ltr'>bonum</span> <span class='ocrx_word' id='word_1_168' title='bbox 265 3105 294 3150; x_wconf 85' lang='lat' dir='ltr'>a.</span> <span class='ocrx_word' id='word_1_169' title='bbox 322 3105 334 3150; x_wconf 86' lang='grc' dir='ltr'><strong>ι</strong></span> <span class='ocrx_word' id='word_1_170' title='bbox 343 3083 424 3174; x_wconf 69' lang='grc'><strong>596.</strong></span> <span class='ocrx_word' id='word_1_171' title='bbox 441 3081 538 3151; x_wconf 91' lang='lat' dir='ltr'>misit</span> <span class='ocrx_word' id='word_1_172' title='bbox 555 3079 739 3149; x_wconf 85' lang='lat' dir='ltr'>Theodor.</span> <span class='ocrx_word' id='word_1_173' title='bbox 757 3077 937 3152; x_wconf 82' lang='lat' dir='ltr'>Canterus.</span> <span class='ocrx_word' id='word_1_174' title='bbox 962 3081 1060 3156; x_wconf 82' lang='lat' dir='ltr'>Vide</span> 
     </span>
     <span class='ocr_line' id='line_1_26' title="bbox 94 3189 1058 3300; baseline 0.002 -37"><span class='ocrx_word' id='word_1_175' title='bbox 94 3192 269 3288; x_wconf 84' lang='lat' dir='ltr'>Epistulas</span> <span class='ocrx_word' id='word_1_176' title='bbox 283 3191 484 3264; x_wconf 85' lang='lat' dir='ltr'>Casauboni</span> <span class='ocrx_word' id='word_1_177' title='bbox 501 3191 587 3300; x_wconf 77' lang='lat' dir='ltr'>edit.</span> <span class='ocrx_word' id='word_1_178' title='bbox 604 3189 918 3263; x_wconf 85' lang='lat' dir='ltr'>Almelovenianae</span> <span class='ocrx_word' id='word_1_179' title='bbox 926 3217 964 3288; x_wconf 90' lang='lat' dir='ltr'>p.</span> <span class='ocrx_word' id='word_1_180' title='bbox 976 3193 1058 3285; x_wconf 82' lang='lat'>646.</span> 
     </span>
    </p>
   </div>
   <div class='ocr_carea' id='block_1_7' title="bbox 92 3395 1091 3786">
    <p class='ocr_par' dir='ltr' id='par_1_11' title="bbox 92 3395 1091 3786">
     <span class='ocr_line' id='line_1_27' title="bbox 131 3395 1057 3468; baseline -0.002 -16"><span class='ocrx_word' id='word_1_181' title='bbox 131 3417 144 3452; x_wconf 88' lang='lat' dir='ltr'>r</span> <span class='ocrx_word' id='word_1_182' title='bbox 159 3399 212 3452; x_wconf 78' lang='lat' dir='ltr'>Alii</span> <span class='ocrx_word' id='word_1_183' title='bbox 222 3399 332 3452; x_wconf 79' lang='lat' dir='ltr'>rectius:</span> <span class='ocrx_word' id='word_1_184' title='bbox 343 3415 401 3468; x_wconf 72' lang='lat' dir='ltr'>quoe</span> <span class='ocrx_word' id='word_1_185' title='bbox 410 3401 502 3452; x_wconf 69' lang='lat' dir='ltr'>tracum</span> <span class='ocrx_word' id='word_1_186' title='bbox 511 3417 559 3452; x_wconf 81' lang='lat' dir='ltr'>ser·</span> <span class='ocrx_word' id='word_1_187' title='bbox 597 3401 625 3450; x_wconf 75' lang='lat' dir='ltr'>de</span> <span class='ocrx_word' id='word_1_188' title='bbox 632 3415 716 3467; x_wconf 83' lang='lat' dir='ltr'>peurer</span> <span class='ocrx_word' id='word_1_189' title='bbox 723 3415 752 3465; x_wconf 81' lang='lat' dir='ltr'>p.</span> <span class='ocrx_word' id='word_1_190' title='bbox 762 3411 821 3466; x_wconf 79' lang='lat'>237.</span> <span class='ocrx_word' id='word_1_191' title='bbox 834 3395 913 3464; x_wconf 84' lang='lat' dir='ltr'>Quod</span> <span class='ocrx_word' id='word_1_192' title='bbox 923 3415 987 3454; x_wconf 78' lang='lat' dir='ltr'>vero</span> <span class='ocrx_word' id='word_1_193' title='bbox 998 3402 1057 3468; x_wconf 76' lang='lat' dir='ltr'>plue</span> 
     </span>
     <span class='ocr_line' id='line_1_28' title="bbox 92 3479 1091 3550; baseline 0.002 -20"><span class='ocrx_word' id='word_1_194' title='bbox 92 3493 177 3550; x_wconf 80' lang='lat' dir='ltr'>patre:</span> <span class='ocrx_word' id='word_1_195' title='bbox 204 3483 263 3548; x_wconf 81' lang='lat' dir='ltr'>plus</span> <span class='ocrx_word' id='word_1_196' title='bbox 281 3480 336 3530; x_wconf 82' lang='lat' dir='ltr'>miii</span> <span class='ocrx_word' id='word_1_197' title='bbox 356 3498 444 3531; x_wconf 83' lang='lat' dir='ltr'>commo</span> <span class='ocrx_word' id='word_1_198' title='bbox 464 3482 554 3548; x_wconf 83' lang='lat' dir='ltr'>placet.</span> <span class='ocrx_word' id='word_1_199' title='bbox 596 3479 719 3530; x_wconf 70' lang='grc' dir='ltr'><strong><em>Ιιίεεονίεω</em></strong></span> <span class='ocrx_word' id='word_1_200' title='bbox 729 3487 796 3546; x_wconf 76' lang='lat' dir='ltr'>quam</span> <span class='ocrx_word' id='word_1_201' title='bbox 806 3479 985 3547; x_wconf 78' lang='lat' dir='ltr'>poitadicitut</span> <span class='ocrx_word' id='word_1_202' title='bbox 1002 3482 1061 3532; x_wconf 90' lang='lat' dir='ltr'>lor·</span> <span class='ocrx_word' id='word_1_203' title='bbox 1088 3501 1091 3510; x_wconf 88' lang='lat'>·</span> 
     </span>
     <span class='ocr_line' id='line_1_29' title="bbox 95 3555 1059 3628; baseline -0.001 -14"><span class='ocrx_word' id='word_1_204' title='bbox 95 3563 203 3614; x_wconf 79' lang='lat' dir='ltr'>Comma</span> <span class='ocrx_word' id='word_1_205' title='bbox 216 3575 255 3612; x_wconf 86' lang='lat' dir='ltr'>est</span> <span class='ocrx_word' id='word_1_206' title='bbox 267 3560 388 3622; x_wconf 85' lang='lat' dir='ltr'>incisum,</span> <span class='ocrx_word' id='word_1_207' title='bbox 400 3555 495 3622; x_wconf 76' lang='lat' dir='ltr'>breve,</span> <span class='ocrx_word' id='word_1_208' title='bbox 512 3576 556 3611; x_wconf 78' lang='lat' dir='ltr'>ar·</span> <span class='ocrx_word' id='word_1_209' title='bbox 596 3557 672 3609; x_wconf 82' lang='lat' dir='ltr'>nandi</span> <span class='ocrx_word' id='word_1_210' title='bbox 690 3574 714 3610; x_wconf 85' lang='lat' dir='ltr'>c.</span> <span class='ocrx_word' id='word_1_211' title='bbox 729 3573 752 3621; x_wconf 91' lang='lat'>5.</span> <span class='ocrx_word' id='word_1_212' title='bbox 765 3557 797 3609; x_wconf 86' lang='lat' dir='ltr'>de</span> <span class='ocrx_word' id='word_1_213' title='bbox 812 3558 888 3610; x_wconf 77' lang='lat' dir='ltr'>&#39;rebus</span> <span class='ocrx_word' id='word_1_214' title='bbox 903 3559 965 3613; x_wconf 82' lang='lat' dir='ltr'>Get.</span> <span class='ocrx_word' id='word_1_215' title='bbox 980 3562 1059 3628; x_wconf 77' lang='lat' dir='ltr'>atque</span> 
     </span>
     <span class='ocr_line' id='line_1_30' title="bbox 96 3630 1066 3707; baseline 0.005 -20"><span class='ocrx_word' id='word_1_216' title='bbox 96 3651 199 3707; x_wconf 74' lang='lat' dir='ltr'>gutum.</span> <span class='ocrx_word' id='word_1_217' title='bbox 213 3637 322 3686; x_wconf 82' lang='lat' dir='ltr'>Nimium</span> <span class='ocrx_word' id='word_1_218' title='bbox 336 3635 450 3702; x_wconf 76' lang='lat' dir='ltr'>quaesite</span> <span class='ocrx_word' id='word_1_219' title='bbox 461 3635 557 3688; x_wconf 72' lang='lat' dir='ltr'>aeunni·</span> <span class='ocrx_word' id='word_1_220' title='bbox 598 3635 655 3688; x_wconf 85' lang='lat' dir='ltr'>inde</span> <span class='ocrx_word' id='word_1_221' title='bbox 664 3635 778 3688; x_wconf 72' lang='lat' dir='ltr'>freculfo</span> <span class='ocrx_word' id='word_1_222' title='bbox 785 3635 869 3690; x_wconf 89' lang='lat' dir='ltr'>lib.ll.</span> <span class='ocrx_word' id='word_1_223' title='bbox 878 3637 975 3692; x_wconf 88' lang='lat' dir='ltr'>Chron.</span> <span class='ocrx_word' id='word_1_224' title='bbox 982 3630 1066 3692; x_wconf 51' lang='lat' dir='ltr'>ero(</span> 
     </span>
     <span class='ocr_line' id='line_1_31' title="bbox 96 3715 1058 3786; baseline 0.003 -17"><span class='ocrx_word' id='word_1_225' title='bbox 96 3735 129 3769; x_wconf 81' lang='lat' dir='ltr'>ue</span> <span class='ocrx_word' id='word_1_226' title='bbox 138 3717 167 3766; x_wconf 89' lang='lat' dir='ltr'>in</span> <span class='ocrx_word' id='word_1_227' title='bbox 175 3717 278 3768; x_wconf 74' lang='lat' dir='ltr'>Lucano</span> <span class='ocrx_word' id='word_1_228' title='bbox 290 3715 451 3784; x_wconf 83' lang='lat' dir='ltr'>reprehendit</span> <span class='ocrx_word' id='word_1_229' title='bbox 463 3715 556 3768; x_wconf 82' lang='lat' dir='ltr'>Domi·</span> <span class='ocrx_word' id='word_1_230' title='bbox 597 3717 629 3769; x_wconf 71' lang='lat' dir='ltr'>ed</span> <span class='ocrx_word' id='word_1_231' title='bbox 640 3715 714 3770; x_wconf 76' lang='lat' dir='ltr'>fidem</span> <span class='ocrx_word' id='word_1_232' title='bbox 723 3717 809 3786; x_wconf 75' lang='lat' dir='ltr'>potius</span> <span class='ocrx_word' id='word_1_233' title='bbox 818 3728 904 3786; x_wconf 78' lang='lat' dir='ltr'>putem</span> <span class='ocrx_word' id='word_1_234' title='bbox 912 3718 1058 3786; x_wconf 80' lang='lat' dir='ltr'>pertinere,</span> 
     </span>
    </p>
   </div>
   <div class='ocr_carea' id='block_1_8' title="bbox 96 3793 1037 3866">
    <p class='ocr_par' dir='ltr' id='par_1_12' title="bbox 96 3793 1037 3866">
     <span class='ocr_line' id='line_1_32' title="bbox 96 3793 1037 3866; baseline -0.005 -12"><span class='ocrx_word' id='word_1_235' title='bbox 96 3800 172 3854; x_wconf 78' lang='lat' dir='ltr'>nicus</span> <span class='ocrx_word' id='word_1_236' title='bbox 177 3798 325 3862; x_wconf 80' lang='lat' dir='ltr'>Bohrrrius.</span> <span class='ocrx_word' id='word_1_237' title='bbox 338 3797 404 3851; x_wconf 84' lang='lat' dir='ltr'>libro</span> <span class='ocrx_word' id='word_1_238' title='bbox 415 3799 442 3849; x_wconf 81' lang='lat' dir='ltr'>la</span> <span class='ocrx_word' id='word_1_239' title='bbox 450 3795 558 3854; x_wconf 71' lang='lat' dir='ltr'>Moriere</span> <span class='ocrx_word' id='word_1_240' title='bbox 597 3811 673 3866; x_wconf 81' lang='lat' dir='ltr'>quant</span> <span class='ocrx_word' id='word_1_241' title='bbox 686 3794 849 3866; x_wconf 51' lang='lat' dir='ltr'>statuendi</span> <span class='ocrx_word' id='word_1_242' title='bbox 857 3793 1037 3858; x_wconf 69' lang='lat' dir='ltr'>cierationem.</span> 
     </span>
    </p>
   </div>
   <div class='ocr_carea' id='block_1_9' title="bbox 0 0 1431 4878">
    <p class='ocr_par' dir='ltr' id='par_1_13' title="bbox 0 0 1431 4878">
     <span class='ocr_line' id='line_1_33' title="bbox 0 0 1431 4878; baseline 0 0"><span class='ocrx_word' id='word_1_243' title='bbox 0 0 1431 4878; x_wconf 95' lang='lat' dir='ltr'> </span> 
     </span>
    </p>
   </div>
  </div>
 </body>
</html>
