2824 4880
338 413 543 476 elaea
581 415 652 478 rx.
705 434 738 478 v.
763 416 850 481 1035.
972 367 1064 497 ⁸245

100 557 176 618 Non
190 551 301 638 primo
316 555 435 618 Caesar
449 553 621 618 damnavit
633 577 773 620 munera
789 558 879 642 visu,

100 660 296 740 Avertitque
308 661 439 724 oculos:
455 661 586 742 vultus,
602 663 682 724 dum
701 666 866 748 crederet,
882 666 1006 753 haesit:

100 767 213 844 thue
230 762 330 826 fidem
344 762 428 824 vidit
443 763 592 845 sceleris,
612 773 785 846 tutumque
798 769 927 850 putavit

98 870 174 929 Iam
186 869 293 931 bonus
304 887 372 930 esse
382 887 487 945 socer3
509 867 663 932 lacrimas
676 891 744 931 non
754 883 871 954 sponte
883 875 1036 941 cadentes

100 967 248 1053 Effudit,
264 970 648 1057 gemitusque-expressit
663 983 796 1054 pectore
813 977 917 1061 laeto,

100 1078 179 1138 Non
193 1075 290 1136 aliter
297 1069 474 1138 manifesta
485 1086 606 1158 potens
619 1073 819 1141 abscondere
832 1081 956 1146 mentis

100 1182 243 1264 Gaudia,
255 1203 357 1262 quam
365 1182 526 1248 lacrimis:
539 1183 760 1265 meritumque
773 1185 919 1251 immane
931 1187 1067 1272 tyranni
1148 1206 1152 1214 '

99 1289 267 1370 Destruit,
287 1299 318 1350 et
330 1289 445 1376 generi
453 1291 705 1374 mavultlugere
715 1267 899 1375 revulsum,

100 1400 215 1482 Quam
228 1397 351 1460 dehere
366 1414 447 1476 capu
452 1404 473 1456 t.
490 1394 559 1479 Qui
572 1397 657 1466 duro
671 1400 822 1465 membra
839 1402 976 1466 Senatus

101 1507 254 1567 Calcarat
268 1505 380 1584 vultu,
399 1501 458 1582 qui
471 1502 560 1566 sicco
573 1503 701 1566 lumine
713 1525 850 1590 campos

100 1610 242 1690 Viderat
255 1607 438 1689 Emathios,
452 1607 512 1670 uni
527 1607 603 1690 tibi,
617 1613 756 1696 Magne,
769 1634 895 1700 negare

99 1716 178 1775 No'n
191 1713 290 1774 audet
306 1710 459 1796 gemitus.
472 1713 502 1773 0
513 1732 585 1775 sors
595 1715 771 1777 durissima
786 1719 846 1780 fati
859 1722 867 1778 l
891 1781 897 1792 ⁴

99 1813 278 1877 Hunccine
294 1823 347 1894 tu,
362 1815 499 1896 Caesar,
513 1817 671 1879 scelerato
684 1823 792 1884 Marte
809 1822 937 1906 petisti,

101 1917 173 2004 Qui
191 1915 252 1980 tibi
261 1917 390 1998 flendus
402 1921 494 1978 erat?
510 1939 579 1981 non
592 1921 690 1982 mixti
700 1922 834 1986 foedera
849 1933 989 2012 tangunt

100 2027 153 2086 Te
164 2021 316 2110 generis?
330 2041 392 2084 nec
405 2029 485 2084 nata
495 2021 587 2084 iubet
600 2045 764 2108 moerere,
781 2031 975 2111 neposque?

103 2129 222 2193 Credis
233 2129 324 2212 apud
335 2130 496 2210 populos,
511 2131 662 2212 Pompeii
673 2153 797 2196 nomen
813 2146 977 2220 amantes,
994 2137 1071 2199 1050

99 2239 178 2298 Hoc
193 2233 305 2298 castris
315 2235 470 2317 prodesse
490 2233 577 2295 tuis?
592 2236 741 2300 Fortasse
750 2241 887 2322 tyranni

98 2337 264 2424 Tangeris
278 2335 421 2418 invidia,
439 2337 591 2420 captique
610 2338 646 2400 in
663 2339 789 2405 viscera
804 2343 925 2429 Magni
954 2397 959 2424 Ι
1006 2373 1010 2382 ’
1065 2345 1068 2352 ’

100 2446 178 2505 Hoc
191 2439 250 2506 alii
259 2439 391 2506 licuisse
405 2441 512 2523 doles,
531 2443 744 2525 quererisque
758 2447 882 2529 perisse
949 2436 953 2451 f

101 2548 296 2615 Vindictam
305 2533 408 2629 'he11i‚
424 2557 654 2629 raptumquee
670 2550 744 2613 iure
757 2553 897 2634 superbi

101 2658 248 2725 Victoris
262 2679 432 2745 generum.
456 2656 613 2742 Quisquis
633 2668 664 2720 te
683 2661 764 2722 llere
782 2661 891 2749 coegit

101 2772 268 2852 Impetus,
279 2788 299 2830 a
312 2787 390 2856 vera
405 2767 505 2852 longe
519 2766 641 2848 pietate
655 2769 798 2834 recessit.

101 2871 235 2937 Scilicet
244 2875 308 2936 hoc
319 2872 432 2936 animo
442 2884 545 2936 terras
562 2884 662 2955 atque
674 2895 820 2954 aequora
836 2877 970 2959 lustras,

102 2978 233 3043 Necubi
246 2999 437 3072 suppressus
450 2988 564 3063 pereat
576 2999 689 3066 gener.
708 2981 738 3041 Ο
755 2981 845 3040 hene-
857 2981 953 3062 rapta

102 3086 251 3150 Arbitrio
269 3107 358 3150 mors
370 3087 431 3150 ista
445 3090 522 3149 tuo!
541 3075 642 3165 quam
654 3105 776 3172 magna
791 3086 918 3149 remisit

104 3194 256 3258 Crimina
271 3197 424 3257 Romano
439 3195 537 3257 tristis
555 3197 699 3256 Fortuna
710 3192 850 3276 pudori3

106 3306 209 3388 Quod
224 3313 255 3366 te
265 3323 334 3366 non
347 3323 442 3385 passa
456 3313 503 3366 est
520 3302 683 3383 misereri,
701 3301 841 3384 perfide,
856 3301 970 3388 Magni

105 3409 280 3474 Viventis!
301 3413 449 3473 Necnon
465 3410 516 3473 his
531 3410 646 3472 fallere
664 3409 801 3472 vocibus
816 3411 929 3492 audet,

107 3515 331 3596 Adquiritque
344 3513 443 3578 fidem
458 3514 605 3578 simulati
621 3515 730 3576 fronte
744 3513 887 3576 doloris:

147 3620 251 3682 Aufer
269 3622 312 3681 ab
330 3622 484 3701 adspectu
505 3629 617 3682 nostro
633 3620 778 3700 funesta,
792 3619 934 3700 satelles,

107 3725 210 3811 Regis
230 3728 319 3789 dona
334 3726 396 3786 tui:
420 3725 514 3808 peius
525 3727 566 3787 de
579 3728 717 3786 Caesare
730 3707 894 3804 vestrumj

108 3831 221 3913 Quam
238 3832 279 3895 de
296 3831 456 3915 Pompeio
475 3831 596 3896 meruit
613 3835 727 3898 scelus.
741 3831 847 3895 Unica
860 3829 941 3896 belli
