2824 4880
377 395 436 462 258
632 396 1080 460 PHARSALIAE
1178 399 1308 462 asoa.

374 539 552 620 Frondeat,
568 547 724 602 aestatem
738 539 832 600 nulla
845 535 912 604 sibi
924 536 1056 625 mitigat
1069 542 1208 603 umbra:

373 643 478 706 Linea
492 655 558 706 tam
573 657 699 708 rectum
713 642 832 704 mundi
844 642 921 706 ferit
935 642 996 706 illa
1005 643 1162 704 Leonem.

372 747 456 810 Inde
468 749 583 832 plagas
597 745 739 828 Phoebi,
754 749 914 810 damnum
933 766 1002 810 non
1013 767 1126 829 passus
1137 767 1323 834 aquarum,

371 851 595 932 Praeveheris,
609 851 803 932 sterilesque
815 851 872 914 diu
886 852 1012 916 metiris
1026 873 1159 935 arenas,

370 961 466 1022 Nunc
479 979 595 1024 omnes
608 981 714 1024 unum
728 960 815 1024 vires
830 963 988 1024 collectus
1001 959 1036 1024 in
1050 982 1200 1043 amnem,

369 1066 465 1128 Nunc
478 1085 595 1152 vagus,
610 1076 642 1128 et
651 1086 808 1153 spargens
824 1067 956 1130 facilem
971 1067 1031 1130 tibi
1041 1067 1160 1130 cedere
1172 1067 1296 1150 ripam.

368 1171 495 1234 Rursus
508 1169 688 1234 multifidas
703 1183 836 1235 revocat
851 1171 947 1257 piger
960 1175 1073 1236 alveus
1083 1175 1206 1256 undas,

368 1279 444 1364 Qua
456 1277 618 1342 dirimunt
631 1279 778 1342 Arabum
790 1279 924 1361 populis
937 1279 1100 1368 Aegyptia
1113 1299 1193 1342 rura

367 1384 476 1471 Regni
492 1387 634 1448 claustra
652 1385 776 1446 Philae.
796 1389 874 1447 Mox
889 1395 921 1448 te
931 1388 1059 1448 deserta
1072 1398 1260 1470 secantem,

368 1489 640 1576 [Quadirimunt
653 1498 803 1550 nostrum
814 1492 916 1552 rubro
932 1491 1133 1557 commercia
1149 1491 1334 1578 Pontum,]
1377 1530 1381 1536 -

365 1593 478 1658 Mollis
493 1597 603 1677 lapsus
618 1595 695 1682 agit.
715 1595 798 1681 Quis
814 1605 846 1659 te
861 1605 929 1658 tam
943 1599 1020 1660 lene
1032 1600 1192 1664 fluentem

365 1704 536 1777 Moturum
553 1708 657 1762 tantas
675 1698 814 1760 violenti
831 1698 971 1784 gurgitis
990 1699 1073 1782 iras,

262 1847 265 1854 ·
365 1781 457 1897 linet
476 1806 590 1888 putet?
608 1806 666 1868 sed
686 1825 762 1867 cum
778 1806 888 1886 lapsus
905 1806 1051 1888 abrupta
1063 1806 1196 1872 viarum

363 1902 530 1992 Eiecepere
542 1919 629 1991 tuos,
650 1919 682 1972 et
698 1908 896 1992 praecipites
915 1920 1114 1994 cataractae,

363 2022 411 2082 Ac
425 2037 589 2099 nusquam
607 2015 715 2080 vetitis
730 2018 814 2078 ullas
826 2015 984 2092 obsistere
1001 2027 1112 2080 cautes

363 2123 551 2210 indignaris
566 2124 678 2204 aquis:
695 2141 813 2205 spuma
827 2130 906 2184 tunc
919 2131 1006 2183 astra
1025 2121 1175 2185 lacessis:
1271 2129 1327 2188 320

363 2228 490 2288 Cuncta
504 2227 652 2288 fremunt
663 2227 779 2290 undis:
798 2247 837 2290 ao
852 2228 957 2288 multo
970 2247 1141 2290 murmure
1158 2229 1284 2290 montis

361 2334 525 2415 Spumeus
540 2332 671 2396 invictis
684 2333 825 2396 canescit
842 2333 997 2396 ductibus
1013 2333 1131 2394 amnis.

361 2435 464 2520 Hinc,
482 2439 612 2500 Abaton
621 2457 723 2518 qnam
732 2448 843 2500 nostra
854 2447 952 2503 vocat
961 2440 1152 2500 veneranda
1167 2447 1323 2520 vetustas,

290 2620 297 2630 .
360 2543 457 2604 Petra
471 2517 602 2624 potios,
616 2542 741 2624 primos
752 2544 850 2606 sentit
862 2564 1015 2626 percussa
1031 2545 1211 2627 tumultus,

351 2645 400 2735 ¹Et
408 2647 552 2728 scopuli,
572 2644 698 2728 placuit
714 2644 807 2707 fluvii
826 2665 910 2725 quos
927 2646 1039 2709 dicere
1053 2666 1171 2727 venas,

360 2753 460 2836 Quod
470 2748 644 2814 manifesta
660 2749 741 2813 novi
751 2749 899 2832 primum
911 2753 992 2812 dant
1007 2751 1102 2838 signa
1117 2753 1265 2820 tumoris

357 2855 448 2920 Hinc
458 2867 585 2920 montes
593 2859 718 2918 Natura
729 2854 821 2942 vagis
832 2853 1051 2918 circumdedit
1062 2856 1176 2936 undis,

359 2964 427 3049 Qui
438 2964 565 3046 Libyae
580 2971 623 3043 te,
639 2962 731 3044 Nile,
741 2943 976 3047 negantiquos
991 2961 1127 3024 interut
1141 2965 1209 3026 alla

357 3067 398 3127 ln
414 3066 567 3128 convalle
584 3073 695 3134 tacens
706 3062 773 3124 iam
790 3063 1040 3151 moribusnnda
1056 3069 1206 3150 receptis.

355 3168 469 3230 Prima
483 3168 542 3232 tibi
553 3187 687 3250 campos
700 3167 879 3249 permittit,
898 3181 1078 3256 apertaque
1087 3174 1251 3256 Memphis

355 3275 463 3357 Rura,
479 3275 683 3354 modumque
700 3282 787 3336 vetat
806 3275 974 3337 crescendi
988 3279 1229 3362 ponereripas.

396 3380 449 3444 Sic
466 3379 605 3445 velutin
625 3389 694 3442 tuta
710 3378 818 3442 securi
828 3399 909 3461 pace
928 3382 1104 3445 trahebant

316 3557 321 3570 Ι
353 3487 466 3574 Noctis
480 3486 544 3552 iter
557 3487 701 3550 mediae:
720 3489 778 3550 sed
794 3508 863 3550 non
877 3507 999 3552 vesana
1015 3481 1156 3552 Pothini
1226 3547 1229 3553 .

352 3591 463 3670 Mens,
481 3589 611 3666 imbuta
620 3595 722 3656 semel
742 3603 807 3656 tam
821 3615 914 3658 sacra
933 3598 1047 3676 caede,
1062 3599 1201 3662 vacabat

278 3694 280 3700 ’
351 3696 555 3766 Ascelerum
566 3707 671 3761 motu.
686 3686 812 3784 Magno
820 3699 911 3779 ¹nihil
929 3700 987 3762 ille
1006 3712 1157 3782 peremto

345 3803 422 3864 Iam
433 3811 528 3885 putat
539 3825 607 3868 esse
620 3807 728 3872 nefas:
747 3809 899 3873 habitant
914 3807 977 3874 sub
992 3820 1126 3892 pectore
1145 3827 1270 3888 maner,
