2790 4874
294 381 500 446 LIBER
540 383 640 450 VII.
680 387 805 468 mapa.
967 388 1044 470 1751

69 521 234 617 Thessalia
249 525 394 610 periture
413 534 481 592 tue.
492 525 548 590 Nil
560 525 694 610 proficis
712 525 784 594 istic
1025 605 1028 610 ¹

70 631 212 698 Caesaris
222 633 370 699 intentus
379 635 512 722 iugulo:
528 636 679 698 nondum
694 633 802 722 attigit
814 655 951 720 arcem,

70 739 152 803 luris
167 750 201 803 et
216 741 357 804 humani
373 743 524 824 culmen,
546 755 614 822 quo
630 749 749 804 cuncta
762 752 974 826 premuntur,

70 843 237 927 Egressus,
252 839 376 906 meruit
390 841 466 907 fatis
484 853 552 906 tam
571 842 683 906 nobile
700 843 822 910 letum:

71 947 177 1030 Vivat,
194 958 243 1030 ct,
263 958 300 1012 ut
312 948 403 1012 Bruti
418 951 615 1032 procumbat
630 947 780 1032 victima,
796 959 921 1037 regnet.

107 1054 170 1118 Hic
181 1054 308 1138 patriae
317 1056 403 1140 perit
413 1077 512 1122 omne
522 1058 638 1122 decus:
652 1057 738 1122 iacet
745 1075 867 1145 aggere
877 1077 1002 1148 magno

72 1159 245 1222 Patricium
258 1162 399 1246 campis,
410 1163 589 1228 commixta
606 1164 722 1246 plebe,
739 1165 890 1228 cadaver.

71 1260 157 1322 Mors
169 1270 279 1326 tamen
292 1262 433 1328 eminuit
451 1266 618 1328 clarorum
628 1263 665 1326 in
674 1274 793 1354 'strage¹
803 1264 953 1331 virorum

72 1367 226 1454 Pugnacis
234 1362 380 1453 Domiti,
394 1391 495 1452 quern
507 1371 615 1435 clades
623 1357 689 1434 fata
699 1391 760 1454 per
775 1355 895 1459 ornnes

73 1475 248 1540 Ducebant.
261 1479 431 1558 Nusquam
444 1477 559 1566 Magni
568 1478 700 1543 fortuna
712 1477 784 1542 sine
799 1467 861 1543 illo
894 1520 896 1532 ι

74 1580 261 1645 Succubuit:
284 1581 390 1646 victus
407 1581 501 1670 toties·
519 1603 539 1646 a
553 1586 709 1667 Caesare,
722 1586 815 1648 salva

73 1682 230 1749 libertate
245 1685 346 1769 perit:
364 1696 443 1752 tunc
458 1688 551 1751 mille
562 1688 599 1752 in
614 1691 754 1754 vulnera
769 1691 874 1754 laetus

72 1788 213 1872 labitur,
228 1809 267 1854 ac
280 1790 377 1854 venia
396 1793 519 1878 gaudet
535 1792 676 1856 caruisse
694 1793 849 1856 secunda.

73 1891 203 1958 Viderat
217 1893 254 1956 in
268 1914 377 1960 crasso
392 1906 578 1960 versantem
598 1895 759 1985 sanguine
774 1895 925 1969 membra

72 1997 200 2078 Caesar,
221 2007 252 2060 et
266 1993 482 2082 increpitans:
498 2001 570 2062 Iam
581 1997 836 2086 Magni'deseris
852 2016 959 2083 arma,
1031 2077 1034 2081 .

72 2101 238 2168 Successor
252 2103 395 2166 Domiti:
411 2103 482 2168 sine
501 2105 613 2168 teiam
627 2106 715 2168 bella
726 2112 898 2192 geruntur.
960 2105 1019 2190 607

72 2208 218 2273 Dixerat:
231 2222 280 2274 ast
296 2211 347 2296 illi
359 2207 487 2274 suffecit
503 2223 636 2295 pectora
647 2212 782 2296 pulsans

72 2314 204 2398 Spiritus
218 2318 255 2381 in
267 2339 400 2408 vocem,
411 2317 651 2412 morientiaque
662 2337 721 2380 ora
737 2314 881 2381 resolvit.

56 2423 140 2489 ¹Non
150 2437 182 2490 te
199 2427 328 2492 funmta
342 2429 503 2492 scelerum
519 2427 671 2491 mercede
686 2424 849 2510 potitum,
862 2425 865 2434 '

72 2532 128 2597 Sed
146 2535 287 2600 dubium
301 2537 379 2620 fati,
395 2539 527 2618 Caesar,
547 2523 737 2622 generoque
753 2533 920 2596 minorem

72 2636 270 2722 adspiciens,
289 2638 432 2726 Stygias,
451 2641 574 2724 Magno
588 2639 691 2724 duoe,
713 2637 799 2700 liber
808 2636 853 2697 ad
865 2635 1001 2700 umbras

72 2740 107 2803 Et
122 2763 256 2828 securus
271 2765 326 2809 eo:
345 2755 376 2808 te
385 2763 484 2809 saevo
497 2747 601 2808 Marte
620 2745 810 2823 subactum,
920 2779 924 2796 ·
1016 2766 1019 2771 ’

72 2845 287 2932 Pompeioque
305 2869 422 2937 graves
438 2867 579 2932 poenas,
597 2845 759 2942 nobisque
772 2846 945 2928 daturum,

73 2949 150 3014 Cum
165 2953 303 3036 moriar,
315 2972 448 3038 sperare
459 2952 544 3016 licet.
563 2954 638 3014 Non
655 2951 753 3032 plura
766 2948 916 3010 locutum
1051 2973 1053 2984 ·

72 3050 141 3116 Vita
155 3055 255 3143 fugit,
268 3056 452 3136 densaeque
469 3054 583 3116 oculos
595 3070 740 3135 pressere
756 3049 921 3114 tenebrae.

71 3155 266 3242 Impendisse
280 3160 384 3242 pudet
397 3153 549 3220 lacrimas
559 3154 597 3218 in
606 3153 724 3218 funere
738 3150 860 3214 mundi
918 3171 921 3178 ·

71 3267 226 3334 Mortibus
242 3265 446 3348 innumeris,
460 3285 500 3328 ac
511 3263 643 3350 singula
660 3262 729 3324 fata
744 3268 939 3358 sequentem

73 3369 248 3456 Quaerere,
258 3371 425 3436 letiferum
439 3389 500 3454 per
517 3366 610 3431 cuius
626 3363 750 3427 viscera
768 3363 901 3426 vulnus.

72 3469 203 3554 Eximit:
223 3473 298 3556 quis
312 3474 386 3538 fusa
399 3474 471 3538 solo
486 3470 600 3535 vitalia
612 3471 733 3546 calcet:

73 3577 134 3644 Ore
146 3583 220 3665 quis
230 3567 545 3663 adverso,'demisso
557 3577 707 3646 faucibus
721 3593 815 3656 ense,
908 3613 911 3620 ,

73 3681 238 3772 Exspuerit
249 3685 395 3750 moriens
412 3684 575 3762 animam:
593 3680 669 3764 quis
681 3686 811 3744 corruat
824 3674 908 3758 ictu,

74 3794 148 3886 Quis
160 3796 299 3880 steterit,
312 3796 393 3860 dum
405 3785 703 3866 memorandum:
718 3778 778 3864 qui
784 3785 917 3867 pectore
929 3773 996 3844 tels
1010 3793 1013 3797 ’
