2824 4880
322 366 412 470 ne'
573 391 1018 456 rnlnssurnu
1097 391 1245 470 mon.

318 534 471 600 Praemia
487 523 610 615 civilis,
627 531 723 596 victis
739 535 864 596 donam
881 532 1037 613 salutem,

320 639 539 706 Perdidimus.
556 638 698 723 Quodsi
714 637 835 700 Phario
852 655 1011 723 germana
1025 645 1170 717 tyraurm

320 749 395 809 Non
412 745 518 808 invisa
531 745 630 824 foret,
646 742 827 826 potuissem
841 743 980 804 reddere
997 740 1084 828 regi,

322 855 422 938 Quod
437 851 574 932 meruit3
593 848 754 933 fratrique
766 857 860 910 tuum
873 866 936 928 pro
946 867 1085 912 munere
1096 845 1157 910 tali

321 959 502 1040 Misissem,
520 959 712 1039 Cleopatra,
730 964 839 1036 caput.
859 953 990 1016 Secreta
1005 952 1213 1033 quiderm·

322 1064 443 1146 Movit,
458 1074 489 1126 et
502 1062 642 1130 inseruit
657 1069 770 1126 nostro
784 1080 846 1124 sue
862 1062 928 1126 tela
943 1057 1072 1126 labori?

323 1173 411 1258 Ergo
424 1170 461 1233 iu
471 1169 668 1234 Thessalicis
684 1170 816 1232 Pellaeo
833 1167 971 1234 fecimus
985 1167 1073 1232 arvis

322 1279 379 1342 Ius
397 1277 533 1363 gladio?
551 1275 669 1341 vestris
686 1274 834 1358 quaesita
851 1273 984 1341 licentia
1001 1273 1131 1360 regnis?

324 1383 399 1443 Non
420 1383 559 1444 tuleram
573 1384 735 1468 Magnum
751 1401 882 1444 mecum
900 1382 1053 1444 Romana
1070 1383 1261 1464 regentema

325 1487 389 1567 Te,
404 1488 605 1567 Ptolemaee,
618 1486 745 1550 leram?
762 1485 883 1550 frustra
901 1484 1053 1548 civilibus
1073 1483 1174 1548 armis

325 1590 519 1658 Miscuimus
530 1599 663 1676 gentes,
682 1589 711 1653 si
722 1611 788 1671 qua
802 1600 849 1654 est
859 1593 924 1653 hoo
935 1593 1016 1654 orbe
1027 1599 1169 1673 potestas

326 1699 456 1779 Altera,
474 1718 574 1778 quam
591 1700 724 1788 Caesar,
742 1695 770 1764 si
785 1691 881 1759 tellus
893 1698 963 1762 ulla
972 1698 1117 1762 duorum
1130 1703 1187 1759 est,

327 1803 507 1869 Vertissem
524 1803 632 1867 Latias
648 1825 668 1866 a
683 1813 792 1867 vestro
808 1803 905 1866 litore
922 1785 1055 1885 proras:

326 1909 448 1973 Famae
465 1928 543 1973 cura
559 1915 663 1986 uetat,
675 1925 717 1968 ne
731 1925 800 1969 non
815 1905 986 1971 damnasse
1002 1911 1186 1985 cruentam,

327 2013 393 2076 sed
404 2013 519 2076 videar
529 2013 676 2078 timuisse
689 2014 832 2079 Pharon.
849 2016 916 2082 Nec
930 2013 1045 2074 tallere
1055 2033 1116 2074 vos
1128 2033 1182 2074 me

329 2121 460 2183 Credite
475 2120 654 2188 victorema
672 2119 769 2186 nobis
787 2138 920 2200 quoque
934 2118 998 2180 tale
1014 2127 1169 2200 paratum
1211 2119 1293 2184 1082

328 2223 449 2289 Litoris
465 2223 661 2305 hospitium:
684 2222 784 2286 nesio
801 2241 876 2290 mea
894 2223 979 2284 eolla
991 2230 1168 2305 gerantur,

329 2323 517 2399 Thessaliae
532 2325 666 2391 fortuna
682 2325 770 2392 tsoit.
790 2325 917 2390 Maiore
933 2325 1100 2408 protecto,

331 2428 440 2510 Quam
456 2427 560 2492 metui
574 2436 718 2510 poterat,
733 2426 922 2494 discrimine
940 2427 1100 2514 gessimus
1117 2447 1228 2492 arms:

329 2531 504 2614 Exsilium,
522 2533 701 2620 generique
721 2534 843 2613 minas,
860 2535 1068 2614 Romamque
1082 2531 1261 2596 timebam:

330 2641 443 2706 Poena
457 2640 555 2726 ilrgae
567 2644 772 2708 Ptolemaeus
784 2649 864 2702 erat.
882 2641 947 2700 Sed
961 2638 1128 2722 parcimus
1139 2637 1250 2720 annis,

331 2734 569 2826 Donamusque
581 2747 682 2812 celas.
701 2735 788 2810 sciat
803 2747 865 2808 hac
878 2765 941 2827 pro
954 2747 1054 2810 caede
1072 2755 1234 2827 tyrannus

331 2847 388 2910 Nil
405 2848 502 2914 venia
515 2851 590 2934 plus
605 2869 700 2932 posse
719 2849 801 2918 dari·
820 2852 888 2914 Vos
905 2849 1037 2913 condite
1057 2853 1154 2912 husto

332 2956 431 3018 Tanti
441 2959 525 3022 eolla
535 2956 640 3022 ducist
654 2959 712 3026 sed
729 2978 815 3040 non,
828 2967 866 3018 ut
878 2957 1020 3024 crimina
1031 2967 1159 3024 tantum

332 3061 451 3126 Vestra
461 3069 548 3144 tegat
562 3061 674 3141 tellus,
692 3057 779 3127 iusto
791 3063 866 3124 date
884 3070 958 3122 tura
969 3063 1139 3143 sepulcro,

332 3165 510 3261 thrlaeate
522 3174 636 3246 eaput,
651 3165 842 3244 cineresque
853 3165 890 3232 in
903 3165 1000 3228 litore
1015 3165 1104 3228 susos

332 3271 503 3359 Colligite,
517 3283 615 3355 atque
626 3293 726 3339 uuam
743 3275 863 3356 sparsis
879 3275 956 3338 date
969 3273 1124 3340 mauihus
1136 3287 1269 3356 urnam.

332 3375 456 3444 Sentiat
469 3379 649 3442 adventum
661 3375 782 3460 soceri,
802 3373 965 3462 vocesque
982 3378 1149 3462 'querentis

333 3477 454 3546 Audiat
467 3481 585 3546 umbra
596 3478 679 3561 pias.
699 3482 788 3548 Dum
800 3481 895 3544 nobis
913 3482 1025 3548 omnia
1042 3481 1206 3565 praefert,

334 3585 424 3652 Dum
437 3585 541 3652 vitam
552 3587 673 3652 Phario
690 3590 817 3650 mavult
834 3590 954 3654 debere
967 3589 1096 3670 clienti,

334 3690 436 3754 Laeta
449 3688 519 3752 dies
532 3701 627 3772 rapta
639 3701 686 3754 est
701 3692 851 3774 populis:
873 3693 1049 3758 concordia
1065 3695 1192 3758 mundo

242 3828 250 3856 s
334 3795 451 3861 Nostra
462 3793 564 3884 perit:
581 3811 716 3866 caruere
730 3793 808 3864 Deis
820 3817 895 3868 mea
904 3810 982 3866 vota
996 3797 1163 3882 secundis,
