2790 4874
321 401 523 466 LIBE'R
562 398 662 466 vll.
701 402 826 480 antip
868 350 877 426 i
996 400 1053 484 167

124 545 224 617 Vidit
238 552 277 612 ut
288 545 423 612 hostiles
438 543 474 608 in
490 551 618 610 netum
631 541 722 607 exire
739 549 885 608 catervas

82 653 284 738 Pompeius,
296 638 477 734 ¹nullasque
495 666 605 714 moras
620 649 812 734 permittere
830 651 942 736 bello,

83 759 151 824 Sed
166 757 304 845 Superis
318 757 479 842 placuisse
489 754 599 832 dieras
621 763 684 818 stat
700 756 801 818 corde
812 757 922 842 gelato

83 863 272 928 Attonitus:
289 871 447 944 tantoque
462 860 540 934 duci
552 861 599 926 sic
613 879 706 924 arma
719 859 836 925 timere
1030 867 1034 874 '

1 961 2 966 ἵ
84 973 202 1034 Omen
216 977 297 1034 erat.
308 967 432 1032 Premit
445 962 654 1050 indemetus',
667 975 837 1050 totumque
842 988 903 1052 per
913 957 1035 1058 agmen
1143 999 1148 1011 ·

83 1070 233 1135 Sublimi
246 1080 419 1154 pervectus
428 1087 534 1150 equo:
550 1071 659 1156 Quem
670 1067 811 1155 flagitat,
821 1068 946 1155 inquit,

83 1179 209 1242 Vestra
218 1176 309 1241 diem
321 1176 442 1258 virtus,
458 1173 535 1239 finis
549 1175 705 1239 civilibus
719 1176 837 1259 armis,

85 1286 200 1369 Quem
215 1279 403 1365 quaesistis,
415 1284 517 1346 adest.
528 1283 627 1346 Totas
643 1277 805 1346 effundite
816 1282 923 1364 viram
976 1289 977 1296 ’

84 1391 286 1452 Extremum
301 1387 382 1450 ferri
394 1395 542 1470 superest
556 1405 663 1470 opus,
673 1399 930 1474 unaqucgentes
1106 1457 1107 1464 χ

84 1495 183 1558 Hora
197 1493 307 1557 trahit.
320 1493 477 1578 Quisquis
490 1491 650 1576 patriam,
664 1515 826 1576 carosque
833 1503 984 1580 penates,

85 1599 157 1688 Qui
163 1602 325 1682 sobolem,
335 1618 374 1664 ac
383 1601 760 1683 thalamos‚desertaque
765 1593 908 1688 pignora
915 1597 1058 1684 quaerit,

85 1702 177 1767 Ense
190 1710 300 1786 petat:
317 1701 429 1764 medio
447 1700 558 1788 posuit
568 1703 659 1765 Deus
671 1703 785 1764 omnia
799 1721 928 1786 campo.

86 1813 198 1873 Causa
212 1810 305 1874 iubet
318 1809 437 1873 melior
454 1810 596 1891 Superos
613 1809 749 1891 sperare
760 1810 942 1874 secundom

85 1915 157 1998 Ipsi
174 1917 241 2012 tela
256 1923 373 2003 regent
388 1937 450 2000 per
466 1915 594 1979 viscera
611 1914 776 2000 Caesaris,
790 1915 856 2002 ipsi

85 2023 260 2086 Romanas
271 2021 401 2086 sancire
419 2023 533 2084 volent
550 2019 789 2108 hocsanguinc
804 2023 905 2108 leges.
993 2022 1054 2084 351

85 2127 121 2193 si
135 2149 253 2192 socero
268 2131 348 2193 darc
359 2147 462 2216 regna
475 2147 566 2212 meo,
586 2130 818 2211 mundumque
830 2135 1010 2213 pararent,

30 2255 34 2262 ¹
87 2233 312 2317 Praecipitare
325 2253 434 2298 meam
451 2233 528 2298 tatis
545 2241 685 2318 potuere
698 2243 874 2299 senectam.

88 2345 118 2404 N
120 2361 167 2405 on
177 2329 339 2406 iratorum
351 2322 488 2426 populis
497 2341 643 2428 urbique
658 2345 807 2406 Deorum
825 2349 874 2408 est
965 2413 970 2422 ,

87 2447 289 2534 Pompeium
306 2470 437 2516 servare
451 2436 579 2516 ducem.
596 2452 693 2544 Quae
706 2448 842 2514 vincere
858 2453 992 2534 possent

90 2557 218 2622 Omnia
229 2555 439 2621 contulimus.
455 2553 591 2620 Subiere
610 2555 760 2638 pericula
777 2553 859 2616 olari
966 2594 971 2602 ·

90 2661 217 2743 Sponte
229 2657 308 2741 viri,
326 2677 483 2746 sacmque
499 2643 652 2742 antiquus
671 2657 817 2747 imagine
833 2655 939 2722 miles.

89 2767 125 2830 Si
139 2765 258 2830 Curios
272 2765 324 2831 his
340 2765 407 2830 fata
423 2767 567 2849 darem,
583 2767 786 2847 reducesque
803 2763 962 2827 Gamitlos

91 2871 330 2956 Temporibus,
348 2869 533 2954 Deciosque
556 2879 655 2953 caput
670 2869 770 2932 fatatc
786 2878 961 2949 voventes,

90 2979 184 3044 Hinc
198 2961 333 3042 starent.
348 2977 461 3042 Primo
476 2985 591 3064 gentes
604 2974 736 3038 oriente
746 2982 894 3056 coactae,
982 2992 984 3000 ’
1009 3003 1016 3044 ,-

91 3087 358 3167 Innumeraeque
374 3085 490 3166 urbes‚
512 3089 652 3165 quantas
667 3079 705 3143 in
724 3079 853 3165 proelia
865 3095 1037 3162 nunquam
1150 3103 1155 3118 ·

91 3188 253 3252 Excivere
269 3207 396 3252 manus.
414 3189 499 3250 Toto
513 3185 613 3252 simui
627 3183 754 3248 utimur
765 3187 856 3248 orbe.

91 3397 163 3458 Sub
169 3398 279 3459 Noton
288 3397 452 3457 ethrean
465 3392 868 3474 hominumsumus,arma
880 3407 1064 3460 movemus.
1106 3449 1108 3458 ,

92 3504 219 3564 Nonne
241 3499 421 3584 superfusis
436 3501 610 3564 collectum
625 3496 780 3561 cornibus
793 3498 923 3562 hostem

92 3609 139 3670 In
156 3608 304 3671 medium
320 3607 633 3691 dabimustaucas
644 3604 782 3668 victoria
798 3607 930 3672 dexoas

94 3711 239 3800 Exigis:
251 3723 286 3778 at
304 3717 416 3798 plures
430 3723 559 3780 tantum
576 3715 720 3776 clamore
739 3705 890 3774 catenae

95 3817 193 3882 Bella
211 3825 337 3904 gerent.
360 3819 482 3892 &esar
497 3815 618 3887 nostris
634 3834 704 3882 non
718 3809 839 3882 suffieit
851 3811 963 3885 urnis.
