2852 4878
235 713 893 830 n.nnnnr1aucln1

87 957 254 1096 PH
301 937 671 1118 ARS-'A
715 947 1054 1094 LIAE

312 1219 514 1295 LIBER
562 1215 893 1294 PRIMUS.'
1124 1215 1129 1232 '

228 1571 231 1577 ’
353 1597 774 1666 naeunrnrun

218 1721 335 1797 Proponit
348 1731 437 1802 petuas
449 1726 522 1788 nte.
536 1723 638 1784 amna.
651 1727 763 1785 macae,
777 1737 846 1794 atque

220 1816 313 1866 Causas
326 1820 423 1884 exponit
440 1835 522 1868 cursus
533 1819 682 1894 psoptraan's
697 1819 731 1868 ad
745 1815 829 1869 Urbem
999 1893 1004 1904 Ι

222 1907 347 1968 casaris,
365 1921 389 1960 ct
402 1910 487 1959 nimbo
500 1908 555 1960 hine
569 1925 650 1960 narras
662 1911 689 1958 tn
705 1903 767 1962 Uri«
780 1913 884 1964 timens·

95 2019 226 2158 Brenn
239 2111 301 2175 per
318 2088 491 2158 Emathios
507 2091 698 2176 plusquam
715 2088 829 2156 civilia
844 2111 996 2177 eampos,

93 2195 333 2278 iusquedatum
342 2192 459 2259 sceleri
469 2194 635 2279 cauimus,
648 2181 881 2280 populumque
887 2211 1058 2284 potentem

96 2299 131 2364 ln
142 2321 201 2365 sua
214 2297 343 2364 victrici
356 2318 555 2364 conversum
573 2298 699 2364 viscera
713 2302 846 2386 dextra,

20 2445 21 2450 κ
97 2403 319 2490 Cognatasque
338 2404 443 2483 acies3
456 2414 506 2486 et,
519 2412 620 2486 rupto
632 2402 766 2466 loedere
779 2407 889 2494 regni,

97 2510 259 2572 Certatum
274 2507 348 2574 totis
364 2508 517 2572 concussi
531 2509 658 2572 viribus
675 2508 766 2581 orbis

96 2613 132 2676 In
148 2633 325 2676 commune
339 2613 447 2691 nefas3
467 2612 660 2694 infestisque
678 2614 778 2676 obvia
795 2614 901 2703 signis
940 2623 942 2628 '

98 2719 208 2806 Signa,
227 2741 324 2803 pares
334 2719 479 2802 aquilas,
496 2729 528 2782 et
544 2717 615 2803 pila
631 2717 793 2784 minantia
807 2723 895 2806 pilis.

134 2828 215 2912 Quis
228 2828 339 2910 furor,
351 2847 373 2890 o
387 2825 490 2890 eivesl
513 2845 598 2907 quae
613 2835 702 2888 tanta
716 2826 852 2891 licentia
865 2829 961 2915 ferri,

27 2939 29 2942 ’
99 2933 252 2999 Gentibus
269 2933 384 2998 invisis
399 2933 530 2996 Latium
551 2933 710 3014 praebere
727 2935 906 2997 eruorem?
1038 2953 1057 3024 9
1107 2989 1109 2994 .

100 3041 243 3124 Cumque
256 3045 398 3124 superba
417 3041 503 3104 foret
514 3039 667 3122 Babylon
682 3037 858 3121 spolianda
875 3039 1018 3126 tropaeis

100 3148 261 3230 Ausoniis,
278 3151 464 3228 umbraque
482 3153 607 3208 erraret
621 3145 756 3208 Crassus
774 3143 907 3229 inulta,

100 3252 182 3316 Bella
198 3251 273 3340 geri
291 3253 417 3336 placuit
438 3254 549 3342 nullos
568 3250 723 3314 habitura
741 3250 937 3336 triumphos.

101 3356 181 3440 Heu,
200 3365 362 3438 quantum
380 3355 489 3441 potuit
505 3367 610 3420 terrae
623 3355 800 3443 pelagique
815 3356 928 3439 parari

35 3515 36 3528 ,
101 3463 181 3546 Hoc,
194 3485 295 3546 quem
310 3461 424 3528 civiles
436 3466 637 3547 hauserunt,
655 3463 833 3550 sanguine,
850 3465 1004 3530 dextrael

36 3571 37 3594 l
102 3569 192 3634 Unde
210 3571 302 3634 venit
317 3571 429 3654 Titan,
445 3581 477 3635 et
488 3593 556 3636 nox
573 3570 633 3635 ubi
647 3573 757 3638 sidera
771 3573 903 3658 condit,

103 3677 236 3761 Quaque
249 3679 320 3742 dies
337 3679 467 3741 medius
481 3677 697 3766 flagrantibus
708 3690 835 3745 aestuat
850 3681 958 3769 horis,
982 3665 984 3673 J
1058 3693 1061 3710 “

103 3781 138 3844 Et
153 3804 217 3864 qua
231 3787 352 3848 brunm
368 3785 495 3873 rigens,
509 3807 548 3848 ac
561 3785 672 3848 nessia
691 3803 771 3850 vere
784 3788 926 3872 remitti,
1072 3869 1077 3880 ι

104 3886 279 3977 Adstringit
293 3889 449 3976 Scythico
462 3891 638 3980 glacialem
652 3890 779 3980 frigore
795 3903 959 3978 pontum:
