2790 4874
309 361 437 444 '1³4
523 390 524 400 κ
639 313 1083 424 PHARSALtAE
1173 339 1299 448 ans.
1380 304 1381 308 ‘

364 491 459 578 ¹ttrite
476 505 560 568 feras
578 497 735 566 Rhodani
753 483 946 584 gentcs:ibi
957 485 1120 574 sanguiue
1132 483 1240 546 multo

372 617 548 679 Promotus
566 608 693 672 Latiam
707 606 810 688 longo
822 597 908 687 gerit
923 595 1041 660 ordine
1058 591 1184 655 vitemt
1382 659 1383 684 ¹

374 718 502 780 Pronus
517 715 560 776 ad
578 729 679 773 omne
694 706 803 786 nefas,
818 715 850 768 et
860 702 920 786 qui
932 699 1091 780 nesciret,
1104 696 1141 758 in
1154 692 1257 758 armis
1382 689 1383 776 i

375 823 485 906 Quam
500 836 659 903 magnum
669 813 773 876 virtus
786 809 913 874 crimen
931 805 1085 870 civilibus
1101 809 1195 864 esset.

375 928 440 991 Hic
457 924 516 988 ubi
536 929 729 1004 quaerentes
740 915 847 980 socios
862 912 929 976 iam
941 915 1047 974 Marte
1066 907 1182 972 relicto

375 1035 461 1096 Tuta
478 1029 577 1114 fugae
594 1023 712 1104 cernit,
730 1025 807 1107 Quo
823 1015 882 1083 vos
897 1035 1018 1102 pavor,
1036 1015 1163 1097 inquit,
1182 1013 1294 1100 abegit
1382 1017 1383 1026 ’

375 1133 519 1219 impius3
541 1141 573 1196 et
588 1127 713 1194 cunctis
729 1127 862 1214 ignotus
877 1121 1026 1186 Caesaris
1039 1121 1162 1182 arinis?
1382 1127 1383 1130 ’

377 1239 429 1324 [Ο
443 1232 561 1300 famuli
574 1244 701 1316 turpes,
720 1249 853 1294 servum
875 1248 988 1312 pecus,
1007 1227 1131 1306 absque
1144 1222 1283 1308 cruore]
1382 1209 1383 1272 Ὗ

376 1344 486 1428 Terga
496 1339 578 1402 datis
595 1336 720 1418 morti?
740 1336 873 1398 cumulo
891 1353 949 1396 vos
964 1335 1075 1395 deesse
1090 1331 1242 1393 virorum

377 1446 454 1508 Non
470 1444 588 1527 pudet,
600 1441 637 1504 iu
649 1437 766 1518 bustis,
785 1437 936 1518 interque
955 1435 1117 1498 cadavera
1133 1434 1269 1515 quaeri?
1382 1419 1383 1480 Ϊ

378 1549 455 1611 Non
465 1547 516 1610 ira
530 1548 646 1608 saltem
659 1543 811 1624 iuvenes,
830 1541 951 1623 pietate
968 1547 1110 1619 remota,

326 1655 339 1684 ¹
379 1653 532 1720 Stabitis?
551 1674 570 1716 c
586 1651 726 1732 cunctis,
745 1670 804 1732 per
821 1666 903 1729 quos
922 1652 1111 1728 erumperet
1127 1644 1247 1729 hostis,

381 1759 450 1824 Nos
463 1781 577 1822 sumus
589 1757 694 1822 electi.
713 1759 788 1820 Non
798 1773 903 1839 parvo
917 1750 1079 1838 sanguine
1093 1749 1208 1838 Magni

382 1869 449 1930 ista
469 1865 540 1928 dies
553 1863 638 1928 ierit.
654 1865 802 1928 Peterem
818 1859 948 1925 felicior
963 1859 1097 1920 umbras
1161 1860 1165 1871 “

382 1966 529 2033 Caesaris
544 1966 582 2030 iu
598 1968 702 2030 vultu.
718 1967 849 2028 Testem
866 1965 955 2026 huuc
970 1963 1117 2024 Fortuna
1131 1959 1281 2046 negavit:
1382 1981 1383 2042 3

380 2073 541 2158 Pompeio
557 2075 713 2138 laudante
730 2073 856 2136 cadam.
875 2069 1082 2156 Confringite
1100 2070 1164 2130 tela
1278 2067 1329 2129 160
1382 2063 1383 2128 3

382 2183 527 2245 Pectoris
537 2179 688 2261 incursu,
703 2178 891 2264 iugulisque
904 2175 1217 2240 retunditc'ferrum.
1382 2245 1383 2262 χ

382 2285 455 2347 Iam
469 2285 652 2372 longinqua
665 2284 747 2368 petit
763 2285 892 2368 pubis,
910 2284 1102 2366 sonitusque
1118 2282 1270 2366 ruinae„
1382 2291 1383 2296 ’

380 2375 711 2476 Securasque¹fragor
730 2387 892 2452 concussit
910 2389 1057 2452 Caesaris
1072 2407 1177 2452 aures.
1256 2407 1270 2420 ··

382 2494 573 2577 vincimus,
594 2515 615 2557 o
628 2493 723 2558 socii:
743 2492 870 2574 veniet,
891 2491 950 2574 qui
965 2491 1112 2555 vindicet
1127 2513 1232 2576 arces,

382 2603 474 2664 Dum
490 2601 663 2691 morimur.
682 2599 790 2664 Movit
798 2607 926 2662 tantum
935 2597 1068 2664 vexilla
1078 2598 1243 2682 furorem,

384 2705 555 2791 Quantum
571 2725 640 2770 non
653 2702 982 2789 primo'suecendunt
998 2704 1132 2770 classica
1148 2717 1259 2770 cantu:
1382 2783 1383 2790 ἵ

384 2815 607 2897 Mirantesque
621 2814 747 2896 virum,
765 2823 864 2894 atque
879 2811 970 2875 avidi
982 2823 1143 2896 spectare,
1157 2817 1327 2892 sequuntur

359 2961 372 3016 ¹,
384 2918 505 2984 Scituri
517 2919 670 3002 iuvenes,
689 2936 829 2986 numero
845 2919 1018 3002 deprensa,
1031 2919 1188 2997 locoque,

384 3033 437 3096 An
451 3033 526 3114 plus
539 3049 639 3111 quarn
656 3039 797 3092 mortem
815 3028 919 3091 virtus
931 3030 1033 3089 daret.
1053 3029 1115 3089 Ille
1129 3023 1237 3100 ruenti

384 3138 513 3222 Aggere
528 3133 693 3215 consistit,
710 3115 921 3221 primumque
935 3133 1096 3196 cadavera
1110 3129 1218 3212 plenis

385 3237 547 3300 Turribus
563 3237 700 3320 evolvit,
719 3240 961 3318 subeuntesque
975 3236 1087 3303 obruit
1101 3239 1210 3298 hostes
1249 3303 1251 3318 Ι

386 3343 608 3428 Corporibus:
626 3351 781 3423 totaeque
798 3338 871 3406 viro
891 3343 972 3404 dant
986 3343 1051 3403 tela
1064 3339 1198 3420 ruinae,

384 3435 598 3531 Roboraque,
612 3456 646 3511 et
658 3449 774 3529 moles,
790 3446 876 3510 hosti
892 3467 992 3528 seque
1005 3447 1075 3530 ipse
1087 3446 1241 3510 minatur.

385 3553 481 3614 Nunc
497 3555 593 3634 sude,
612 3573 703 3622 nunc
717 3554 802 3620 duro
816 3551 981 3640 contraria
999 3560 1134 3634 pectora
1146 3559 1244 3616 conto

386 3658 540 3723 Detrudit
555 3660 674 3742 muris,
694 3669 726 3724 et
743 3657 823 3724 valli
836 3679 965 3724 summa
984 3667 1130 3722 tenentes

386 3763 543 3846 Amputat
554 3783 630 3828 ense
643 3782 776 3831 manus:
794 3773 893 3848 caput
906 3762 1028 3830 obterit
1043 3751 1181 3846 ossaque
1194 3777 1288 3840 saxo,
