2788 4880
384 425 425 500 c,
644 408 1085 478 ruansamae
1176 409 1300 485 ena

382 569 464 634 Tela
481 577 555 630 tene
566 565 655 646 iam,
672 563 783 645 miles,
801 561 861 644 ait,
876 561 1067 642 terr-unque
1086 555 1197 622 ruenti

381 675 561 738 subtrahe:
580 691 649 734 nou
663 670 733 732 ullo
747 676 872 732 constet
883 665 969 728 mihi
980 663 1142 752 sanguine
1152 661 1297 736 bellum:

381 781 535 848 Vincitur
551 779 641 842 haud
654 774 772 870 gratis,
792 773 909 860 iugulo
927 771 986 852 qui
1003 778 1164 854 provocat
1178 770 1318 834 hostem.

381 892 432 954 En
445 891 509 954 sibi
522 887 597 954 vilis
611 887 702 949 adest
715 882 822 948 invisa
833 885 907 946 luce
921 881 1076 944 iuventus
1088 925 1099 964 ,

380 1001 453 1064 Iam
467 1001 589 1061 damno
605 997 753 1082 periture
765 1015 859 1058 mec:
879 1013 949 1055 non
961 993 1080 1056 sentiet
1095 991 1196 1073 ictus,

380 1105 555 1169 Incumbet
566 1101 701 1190 gladiis,
714 1097 872 1187 gaudebit
887 1096 1048 1184 sangnine
1060 1097 1145 1160 fuso.
1158 1143 1161 1147 -

380 1215 516 1277 Deserat
530 1211 585 1274 hic
600 1211 711 1274 fervor
723 1217 865 1288 mentes,
884 1207 978 1268 cadat
995 1204 1139 1288 impetus
1159 1225 1290 1290 amens,

379 1313 523 1388 Perdant
538 1323 623 1384 velle
640 1319 737 1383 mori.
755 1317 809 1381 Sic
828 1319 1009 1404 deflagrare
1024 1316 1170 1380 minaces

344 1435 348 1442 '
379 1431 566 1510 Incassum,
580 1437 612 1490 et
620 1425 722 1490 vetito
737 1443 850 1508 passus
862 1425 1075 1509 languescere
1091 1425 1202 1506 bello,

379 1531 551 1597 Substituit
564 1551 672 1596 merso
687 1531 767 1592 dum
782 1549 849 1592 nox
865 1548 925 1592 sua
940 1527 1069 1592 lumina
1085 1529 1232 1592 Phoebo.

380 1639 463 1699 Inde
473 1636 532 1699 ubi
543 1635 636 1698 nulla
649 1635 725 1696 data
744 1641 792 1697 est
808 1631 996 1696 miscendae
1015 1631 1111 1716 copia
1128 1633 1258 1716 mortis,

380 1743 544 1806 Paulatim
556 1741 641 1829 fugit
656 1741 706 1804 ira
725 1741 834 1822 ferox,
850 1749 1042 1821 mentesque
1058 1729 1239 1822 tepescunt.

381 1846 498 1910 Saucia
511 1847 652 1910 maiores
665 1845 793 1910 animos
809 1853 845 1907 ut
863 1857 997 1928 pectora
1016 1855 1144 1932 gestant

381 1953 471 2013 Dum
487 1951 584 2013 dolor
595 1961 659 2032 est,
678 1949 827 2031 ictusque
840 1969 970 2031 recens,
988 1955 1021 2012 et
1034 1949 1158 2014 mobile
1173 1954 1284 2016 nervis

375 2061 550 2121 ‘Conamen
566 2057 692 2122 calidus
706 2058 842 2142 praebet
858 2075 973 2147 cruor,
989 2073 1128 2135 ossaque
1145 2057 1293 2119 nondum

378 2167 555 2229 Adduxere
569 2175 692 2228 cutem:
711 2163 740 2228 si
754 2162 902 2236 conscius
920 2160 1006 2227 ensis
1019 2161 1129 2226 adacti
1277 2163 1329 2224 288

381 2269 451 2330 Stat
466 2267 587 2350 victor,
609 2267 780 2349 tenuitque
792 2287 927 2344 manus3
949 2277 1021 2330 tum
1035 2267 1175 2356 frigidus
1187 2277 1276 2334 artus

380 2370 529 2460 Adligat,
543 2381 640 2452 atque
652 2371 798 2436 animam
812 2373 975 2436 subducto
988 2373 1110 2448 robore
1128 2380 1258 2454 torpor,

380 2475 558 2554 Postquam
569 2473 655 2537 sicca
665 2473 776 2560 rigens
789 2473 963 2537 adstrinxit
983 2475 1123 2541 vulnera
1133 2465 1290 2564 sanguis.m

379 2576 517 2666 Iamque
530 2576 645 2660 inopes
659 2579 785 2660 undae,
803 2575 949 2660 primum
969 2577 1087 2641 tellure
1105 2579 1243 2662 refossa,

382 2665 536 2744 Occultos
551 2681 678 2766 latices,
692 2685 905 2766 abstrusaque
922 2684 1061 2747 flumina
1076 2693 1257 2765 quaerunt:

380 2783 448 2846 Nec
460 2785 569 2856 solum
582 2785 708 2869 rastris,
722 2787 878 2868 durisque
890 2786 1059 2876 ligonibus
1074 2805 1172 2869 arva,

379 2894 444 2956 Sed
460 2893 579 2980 gladiis
589 2893 703 2960 ‘fodere
720 2894 803 2958 suist
822 2905 1006 2977 puteusque
1025 2891 1133 2956 cavati
1151 2908 1156 2918 ·

379 2997 501 3060 Montis
511 2999 556 3060 ad
567 2996 686 3085 irrigui
705 2998 867 3082 premitur
880 2997 1010 3082 fastigia
1029 2995 1149 3079 campi.

379 3099 455 3160 Non
468 3118 503 3162 se
518 3105 589 3160 tam
603 3097 751 3182 penitus,
770 3111 837 3162 tam
852 3101 953 3187 longe
967 3102 1043 3163 luce
1062 3097 1180 3162 relicta

379 3205 529 3268 Merserit
542 3205 665 3269 Asturii
681 3216 844 3270 scrutator
858 3207 1001 3292 pallidus
1014 3207 1099 3272 curi.

378 3311 455 3373 Non
469 3319 579 3374 tamen
592 3321 649 3374 aut
666 3312 758 3376 tectis
777 3324 960 3376 sonuerunt
977 3313 1135 3382 cursibus,
1145 3330 1272 3400 ornnes,

378 3413 444 3474 Aut
456 3412 601 3476 micuere
619 3410 715 3494 novi,
731 3431 885 3494 percusso
897 3414 1049 3500 pumice,
1068 3413 1175 3482 tontes
1185 3405 1197 3496 3¹

377 3515 482 3578 Antra
493 3535 555 3579 nec
573 3515 695 3604 exiguo
710 3516 837 3582 stillant
852 3519 1006 3583 sudantia
1023 3537 1118 3603 rore,

376 3623 443 3684 Aut
456 3622 600 3707 impulsa
615 3626 683 3690 levi
702 3629 854 3693 turbatur
866 3629 980 3715 glaree
994 3645 1092 3692 vena.

375 3726 471 3793 Tune
490 3730 646 3793 exhausta
663 3751 763 3814 super
777 3735 884 3801 mulio
902 3735 1025 3800 sudore
1040 3735 1195 3823 iuventus

375 3830 581 3920 Extrahitur,
600 3834 695 3902 duris
707 3835 841 3904 silicum
852 3839 969 3906 lassata
986 3837 1140 3906 metallisz
