2824 4880
348 379 553 443 LIBER
593 381 633 443 X.
672 401 705 442 r.
729 399 797 466 ²09·
1002 385 1060 448 255

94 520 253 586 Possidet.
270 523 453 586 Immensae
472 521 644 606 Cyllenius
660 522 784 588 arbiter
798 523 908 588 undae
921 530 978 590 est.

93 629 196 690 Hunc
206 625 265 687 ubi
275 646 351 709 pars
364 623 450 688 coeli
463 623 584 705 tenuit,
603 641 670 705 qua
686 624 792 688 mixta
809 627 931 692 Leonis

93 732 298 796 Siderasunt
314 732 459 812 Cancro,
480 729 614 812 rapidos
629 751 696 810 qua
711 731 816 796 Sirius
833 731 929 819 ignes

91 837 238 920 Exserit‚
253 848 285 900 et
299 836 383 899 varii
401 845 545 900 mutator
560 836 703 900 circulus
723 837 805 899 anni

90 947 287 1034 Aegoceron
304 947 534 1024 Cancrumque
551 951 654 1025 tenet,
671 943 727 1006 cui
738 945 872 1008 subdita
882 946 949 1010 Nili

93 1049 164 1112 Ora
180 1049 298 1110 latent:
316 1068 488 1128 quaecum
506 1045 661 1120 domiuus
676 1049 836 1130 percussit
851 1070 1014 1132 aquarum

90 1154 177 1239 Igne
192 1151 389 1235 superiecto,
409 1160 488 1215 tunc
503 1150 597 1214 Nilus
613 1151 705 1214 fonte
717 1155 827 1216 soluto

90 1257 184 1338 Exit,
202 1266 240 1318 ut
254 1256 405 1320 Oceanus
418 1257 593 1322 lunaribus
612 1257 827 1323 incrementis

89 1362 204 1425 Iussus
216 1362 323 1426 adest:
340 1371 522 1444 auctusque
536 1383 612 1458 suos
630 1383 699 1425 non
716 1373 794 1430 aute
808 1375 949 1452 coartat,

91 1466 205 1548 Quam
224 1483 292 1526 nox
307 1463 446 1528 aestivas
461 1484 482 1526 a
498 1465 573 1528 sole
589 1462 752 1546 receperit
771 1466 880 1529 horas.

90 1573 193 1634 Vana
204 1567 285 1633 fides
295 1579 457 1661 veterum,
468 1569 558 1649 Nilo,
572 1570 663 1650 quod
678 1579 800 1630 crescat
813 1568 849 1631 in
864 1591 959 1654 arva,

91 1675 295 1758 Aethiopum
311 1677 465 1760 prodesse
478 1676 580 1738 uiues.
595 1655 668 1736 Non
678 1675 794 1738 Arctos
810 1673 925 1740 inillis
954 1662 956 1668 '

90 1783 281 1868 Montibus,
296 1797 353 1848 aut
364 1789 493 1860 Boreas.
509 1783 614 1846 Testis
626 1780 686 1846 tihi
697 1783 768 1844 sole
777 1785 904 1866 perusti

90 1895 168 1978 Ipse
182 1895 274 1956 color
290 1891 422 1975 populi,
441 1890 606 1970 calidique
626 1889 806 1972 vaporibus
822 1892 945 1957 Austri.

89 2000 202 2080 Adde,
215 1997 306 2078 quod
315 2017 414 2058 omne
421 2005 519 2078 caput
527 1993 636 2075 fluvii,
651 1996 993 2077 quodcunquesoluta

88 2107 291 2190 Praecipitat
304 2106 440 2194 glacies,
456 2106 603 2193 ingresso
617 2126 694 2168 vere
708 2107 860 2171 tumescit
995 2129 1054 2192 unq

89 2214 205 2278 Prima
215 2217 290 2278 tabe
303 2214 407 2278 nivis:
422 2212 515 2277 Nilus
525 2231 633 2292 neque
648 2211 781 2275 suscitat
795 2215 901 2280 undas

89 2321 176 2380 Ante
187 2317 286 2380 Canis
293 2315 417 2397 radios,
432 2335 493 2379 nec
505 2312 585 2396 ripis
600 2312 726 2399 adligat
740 2335 876 2382 amnem

89 2423 176 2486 Ante
190 2441 305 2504 parem
319 2421 425 2503 nocti,
441 2422 542 2484 Libra
559 2424 621 2484 sub
634 2421 762 2504 iudice,
780 2425 962 2489 Phoebum.

88 2528 173 2592 Inde
186 2528 284 2590 etiam
297 2531 386 2614 leges
397 2528 541 2591 aliarum
558 2527 662 2590 nescit
673 2546 854 2606 aquarum:

88 2635 157 2696 Nec
173 2643 277 2697 tumet
285 2635 461 2716 hibernus,
481 2655 557 2697 cum
572 2636 672 2720 longe
683 2635 752 2697 sole
763 2643 891 2697 remoto

90 2737 218 2805 Officiis
232 2751 319 2806 caret
329 2736 419 2804 unda
428 2740 513 2805 suis:
533 2741 613 2802 dare
628 2739 734 2803 iussus
749 2739 869 2821 iniquo

88 2849 300 2932 Temperiem
314 2850 425 2929 coelo,
437 2848 553 2912 mediis
566 2849 741 2912 aestatibus
757 2848 842 2932 exit,

86 2957 158 3018 Sub
172 2965 317 3019 torrente
334 2958 448 3042 plaga:
466 2976 531 3017 neu
546 2966 648 3018 terras
658 2954 794 3037 dissipet
806 2953 910 3041 ignis,
1015 2967 1017 2974 ’

87 3059 184 3122 Nilus
195 3059 287 3121 adest
299 3059 441 3139 mund0‚
459 3066 637 3138 contraque
655 3056 789 3120 incensa
803 3057 925 3120 Leonis

89 3167 161 3228 Ora
175 3169 297 3225 tumet:
316 3162 509 3242 Cancroque
526 3181 621 3224 suam
639 3169 782 3225 torrente
801 3163 948 3246 Syenen,

87 3268 289 3350 imploratus
300 3267 404 3329 adest:
419 3285 481 3328 nec
498 3284 632 3348 campos
646 3264 763 3328 liberat
776 3263 892 3347 undis,

30 3429 32 3436 ,
88 3375 205 3436 Donec
218 3371 255 3433 in
266 3380 463 3435 autumnum
480 3371 623 3435 declinet
634 3373 803 3452 Phoebus,
819 3379 851 3431 et
863 3361 998 3435 umbras

9 3517 10 3522 κ
87 3481 251 3542 Extendat
261 3481 383 3541 Meroe'.
402 3478 485 3567 Quis
496 3499 609 3542 causas
626 3481 763 3542 reddere
781 3479 913 3559 posset?

88 3588 141 3651 Sic
155 3585 252 3650 iussit
261 3589 384 3649 Natura
401 3607 521 3670 parens
536 3589 709 3649 decurrere
722 3585 852 3646 Nilum:

88 3692 142 3757 Sic
151 3695 239 3778 'opus
250 3703 298 3757 est
311 3697 448 3758 mundo.
460 3697 628 3778 Zephyros
641 3710 774 3774 quoque
787 3711 874 3755 vana
885 3699 1028 3756 vetustas

79 3797 150 3874 ‚His
160 3781 333 3884 adscripsit
345 3800 455 3885 aquis,
469 3821 613 3884 quorum
622 3810 705 3868 stata
715 3812 865 3886 tempora
875 3801 984 3884 flatus,
