2852 4878
340 395 640 458 u1eun1n
681 367 835 482 v.1s9.'
1015 401 1055 466 ss

94 539 186 606 Sulla
199 559 332 624 quoque
345 539 514 606 immensis
529 541 665 606 accessit
681 543 830 608 cladibus
847 543 947 612 ultor.

93 645 152 710 Ille
167 647 260 727 quod
278 644 436 732 exiguum
453 649 595 710 restabat
609 647 781 732 sanguinis
796 649 878 712 Urbi

93 749 231 828 Hausit3
253 751 399 832 dumque
413 749 514 814 nirnis
530 749 599 814 iam
614 751 725 834 putria
742 757 892 818 membra
906 756 1042 842 recidit,

93 855 237 918 Excessit
249 855 416 932 medicina
432 857 583 936 modum,
602 855 809 939 nimiumque
822 869 934 946 secuta
950 871 1012 945 est,

93 965 167 1048 Qua
184 962 293 1028 morbi
311 962 449 1042 duxere,
465 981 599 1024 manus:
616 961 745 1046 periere
760 976 934 1044 nocentes3

95 1067 181 1151 [Sed
194 1089 272 1130 cum
288 1067 355 1128 iam
371 1065 433 1130 soli
450 1076 582 1148 possent
598 1085 766 1152 superesse
783 1069 971 1154 nocuum]

93 1173 188 1234 Tunc
200 1174 276 1234 data
297 1170 429 1234 libertas
443 1169 545 1252 odiis,
565 1173 772 1254 resolutaque
789 1177 902 1262 legum

93 1277 204 1339 Frenis
224 1275 275 1338 ira
290 1275 366 1338 ruit.
386 1277 460 1338 Non
474 1275 534 1338 uni
554 1285 671 1340 cuncta
690 1277 869 1362 dabantur,

94 1386 153 1448 Sed
174 1384 251 1446 fecit
264 1371 331 1446 sibi
345 1381 485 1464 quisque
501 1383 602 1446 nefas.
623 1383 730 1447 Semel
744 1381 858 1448 omnis
874 1387 980 1450 victor

94 1493 241 1554 Iusserat.
257 1489 434 1553 Infandum
449 1489 579 1552 domini
594 1511 655 1572 per
671 1489 796 1554 viscera
812 1489 936 1556 ferrum

93 1591 204 1680 Exegit
221 1593 379 1656 famulus:
396 1592 467 1656 nati
481 1593 638 1654 maduere
653 1603 792 1676 paterno

94 1695 266 1782 Sanguine.
288 1699 455 1758 Certatum
470 1707 530 1776 est,
543 1693 597 1758 cui
611 1694 722 1758 cervix
739 1715 832 1760 caesa
845 1697 991 1780 parentis
1075 1705 1077 1714 ’

93 1804 243 1864 cederet:
260 1801 296 1864 in
312 1801 451 1864 fratrum
465 1800 654 1866 ceciderunt
670 1801 819 1884 praemia
834 1802 958 1868 fratres.

92 1909 183 1968 Busta
198 1906 324 1987 repleta
338 1904 431 1989 fuga,
446 1901 676 1994 permixtaque
691 1903 768 1966 viva
784 1907 919 1988 sepultis

95 2011 254 2092 Corpora3
270 2031 332 2072 nec
346 2011 508 2092 populum
524 2009 669 2070 latebrae
686 2029 802 2091 cepere
816 2011 971 2076 ferarum.

91 2113 146 2175 llis
159 2115 280 2194 laqueo
295 2113 421 2188 fauces,
436 2111 581 2190 elisaque
599 2122 733 2196 guttura
748 2113 861 2201 fregit:
987 2119 1044 2196 154

92 2213 149 2280 llic
161 2240 197 2282 se
213 2217 385 2300 praecipiti
399 2216 559 2282 iaculatus
574 2219 722 2300 pondere
739 2220 824 2281 dura

93 2325 234 2390 Dissiluit
248 2345 418 2407 percussus
434 2327 555 2388 humo:
571 2336 758 2408 mortesque
777 2337 913 2392 cruento

92 2430 211 2496 Victori
228 2449 368 2514 rapuere
382 2449 472 2494 suns:
490 2429 545 2494 hic
566 2413 686 2498 roh'ora
703 2431 790 2496 busti

92 2537 228 2600 Exstruit
240 2535 312 2619 ipse
323 2535 400 2617 sibi,
416 2555 477 2598 nec
493 2537 677 2600 cumomni
688 2537 850 2623 sanguine
867 2539 947 2602 fuso

92 2643 201 2706 Desilit
214 2641 253 2704 in
267 2642 431 2722 flammas,
444 2648 489 2720 et,
504 2639 585 2736 dum
599 2640 692 2722 licet,
707 2641 965 2731 occupatigncs.

93 2750 179 2812 Colla
197 2750 321 2810 ducum
335 2744 406 2828 pilo
424 2743 585 2828 trepidam
599 2755 725 2831 gestata
738 2767 799 2830 per
811 2749 943 2828 urbem,

92 2854 126 2918 Et
137 2855 248 2918 medio
264 2861 418 2940 congesta
437 2853 529 2916 foro:
545 2852 752 2939 cognoscitur
767 2852 838 2915 illic

91 2957 255 3044 Quidquid
264 2955 388 3038 ubique
398 2955 490 3018 iacet.
503 2957 670 3018 Scelerum
680 2975 749 3018 non
757 2955 900 3018 'l‘hracia
908 2963 1037 3020 tantum
1066 3025 1068 3031 ,

90 3066 174 3132 Vidit
184 3064 322 3129 Bistonii
333 3065 469 3129 stabulis
484 3065 629 3147 pendere
642 3061 790 3147 tyranni,
948 3051 952 3070 '

89 3175 229 3240 Postibus
239 3173 356 3236 Antaei
369 3171 493 3256 libyes
506 3193 567 3234 nec
580 3171 718 3234 Graecia
735 3157 886 3236 moerens

89 3279 166 3344 'fam
178 3283 302 3346 laceros
314 3290 403 3342 artus
415 3274 527 3342 Pisaea
540 3279 630 3342 flevit
645 3278 682 3340 in
699 3279 785 3342 aula.

90 3388 166 3448 Cum
178 3387 246 3450 iam
263 3389 337 3450 tabe
351 3387 471 3467 lluunt,
491 3385 692 3466 confusaque
706 3395 854 3468 tempore
867 3389 974 3451 multo
1032 3391 1035 3396 “

88 3493 227 3556 Amisere
244 3505 352 3575 notas,
363 3493 557 3556 miserorum
572 3495 685 3556 dextra
701 3503 878 3576 parentum

89 3599 226 3684 Colligit,
243 3609 276 3661 et
293 3598 417 3682 pavido
438 3598 593 3664 subducit
606 3598 737 3683 cognita
752 3598 852 3662 furto.

88 3707 199 3786 Meque
214 3707 323 3789 ipsum
343 3705 482 3772 memini
498 3705 584 3770 caesi
598 3705 759 3768 deformia
771 3705 881 3770 fratris
1091 3787 1098 3794 ¹

89 3811 151 3874 Ora
164 3833 244 3901 rogo
261 3812 432 3897 cupidum,
452 3811 626 3896 vetitisque
638 3811 809 3898 imponere
821 3813 977 3898 flammis,
1026 3813 1031 3834 ”
1076 3900 1078 3908 J
