2824 4880
346 367 550 437 Lirin
590 373 629 435 x.
669 393 701 436 v.
726 373 791 451 14⁵.
937 379 1061 475 -².⁵³.

84 515 281 596 Imposuere
300 514 412 591 orbes;
430 515 543 595 quales
554 516 598 576 ad
617 516 763 579 Caesaris
781 536 841 580 ora

87 619 157 679 Nec
172 627 269 699 capto
281 637 402 680 venere
415 619 506 680 Iuba.
527 621 591 680 Pro
606 639 721 682 caecus
737 628 770 681 et
783 639 897 686 amens

85 723 279 785 Ambitione
295 723 402 803 furor,
419 722 529 786 civilia
544 725 633 786 bella
646 725 776 809 gerenti

85 825 230 890 Divitias
244 827 372 909 aperire
390 847 479 908 suae,
495 828 674 891 incendere
691 839 840 892 mentem

85 931 239 1016 Hospitis
251 933 387 995 armatii
410 937 484 996 Non
502 933 544 996 sit
561 935 639 997 licet
653 933 711 998 ille
728 937 873 999 nefando

85 1041 196 1134 Marte
210 1049 343 1122 paratus
356 1060 436 1123 opes
452 1041 572 1103 mundi
592 1041 756 1122 quaesisse
775 1043 892 1105 ruina:

84 1149 181 1210 Pone
193 1149 292 1212 duces
306 1149 449 1232 priscos,
471 1159 503 1214 et
513 1151 651 1214 nomina
667 1151 823 1234 pauperis
837 1152 930 1234 aevi,

84 1251 269 1336 Fabricios,
288 1253 468 1336 Curiosque
477 1276 612 1340 graves:
631 1249 686 1318 hic
700 1256 758 1318 ille
774 1259 945 1320 recumbat

73 1357 248 1422 ,Sordidus
260 1358 428 1422 Hetruscis
445 1361 605 1422 abductus
624 1360 747 1422 Consul
765 1360 910 1448 aratris„
940 1345 944 1351 ¹

87 1461 228 1551 Optabit
239 1463 366 1544 patriae
381 1461 491 1526 talem*
500 1463 630 1528 duxisse
646 1461 864 1546 triumphum.

127 1570 285 1633 Infudere
302 1573 414 1653 epulas
428 1591 521 1652 auro,
541 1572 632 1651 quod
648 1579 754 1652 terra,
768 1573 859 1651 quod
873 1575 949 1652 aiir,

86 1674 188 1759 Quod
206 1676 362 1761 pelagus,
376 1675 534 1764 Nilusque
545 1674 650 1756 dedit,
671 1675 761 1755 quod
774 1677 871 1738 luxus
884 1675 977 1740 inani

85 1777 278 1841 Ambitione
293 1779 406 1842 furens
422 1789 491 1842 toto
505 1777 666 1860 quaesivit
679 1778 716 1840 in
732 1781 833 1860 orbe,
930 1825 932 1830 -
978 1799 984 1810 ·

85 1887 162 1948 Non
172 1889 352 1950 mandante
363 1884 470 1950 fame:
486 1889 608 1950 multas
624 1888 841 1967 volucresque
851 1888 1003 1969 ferasque

83 1992 232 2078 Aegypti
245 2013 386 2075 posuere
403 1995 508 2056 Deos:
527 1980 749 2074 inanibusque
765 1993 928 2057 ministrat

83 2097 230 2161 Niliacas
248 2099 422 2181 crystallus
437 2117 557 2177 aquas:
576 2117 794 2184 gemmaeque
808 2118 945 2179 capaces
991 2099 1048 2160 160

84 2207 253 2286 Excepere
266 2225 412 2286 merum,
431 2205 488 2266 sed
505 2223 574 2285 non
587 2201 788 2266 Mareotidos
806 2222 910 2285 uvae,

35 2383 37 2390 Ι
83 2311 204 2374 Nobile
221 2311 280 2372 scd
294 2309 410 2392 paucis
425 2307 555 2372 senium
571 2308 626 2370 cui
640 2307 780 2371 contulit
796 2307 892 2371 aunis

83 2413 290 2483 Indomitum
307 2417 420 2477 Mero'e
440 2433 561 2498 cogens
577 2432 731 2496 spumare
744 2415 931 2474 Falernum.
951 2499 958 2508 ἱ

83 2525 262 2608 Accipiunt
274 2533 375 2588 sertas
392 2523 498 2584 nardo
514 2523 652 2583 florente
666 2539 818 2600 coronas,
862 2541 865 2547 ¹

83 2631 125 2691 Et
134 2647 308 2708 nunquam
318 2625 466 2712 fugiente
481 2643 555 2686 rosa
564 2617 577 2684 :¹
586 2625 795 2704 multumque
806 2621 954 2686 madenti

82 2731 241 2794 Infudere
256 2749 384 2810 comae,
405 2729 495 2808 quod
511 2727 663 2789 nondum
682 2724 816 2790 evanuit
831 2743 933 2802 aura,

83 2839 291 2922 Cinnamon‚
308 2849 443 2902 externa
456 2858 517 2898 nec
527 2833 672 2918 perdidit
685 2840 762 2896 a‘era
778 2845 883 2912 terra3

82 2949 333 3028 Advectumque
347 2965 460 3008 recens
470 2944 599 3008 vicinae
614 2943 727 3006 messis
744 2946 935 3006 Amomum.

81 3051 188 3116 Discit
202 3071 281 3134 opes
295 3053 414 3112 Caesar
430 3047 565 3130 spoliati
583 3049 722 3129 perdere
737 3047 873 3129 mundi,

81 3161 124 3222 Et
133 3157 269 3244 gessisse
287 3157 388 3239 pudet
397 3155 521 3240 genero
535 3173 611 3214 cum
630 3142 777 3234 paupere
795 3151 940 3232 bellum,

82 3265 124 3325 Et
141 3282 254 3326 causas
270 3260 388 3324 Martis
405 3257 533 3320 Phariis
550 3277 626 3318 cum
643 3255 796 3342 gentibus
812 3265 914 3338 optat.
989 3299 995 3312 ,

120 3369 299 3446 Postquam
307 3363 609 3446 epulisBacchoque
621 3363 759 3423 modum
770 3363 888 3432 lassata
895 3360 1047 3444 voluptas

81 3469 262 3552 Imposuit,
273 3467 381 3554 longis
391 3471 510 3530 Caesar
522 3467 707 3547 producere
719 3476 851 3530 noctem

81 3574 221 3634 Inchoat
229 3571 410 3651 adloquiis3
425 3591 620 3650 summaque
634 3569 670 3630 iu
680 3573 756 3632 sede
766 3571 928 3634 iacentem

83 3680 280 3766 Linigerum
295 3677 435 3762 placidis
456 3678 633 3759 compellat
645 3679 796 3739 Achorea
812 3677 921 3740 dictis:

12 3797 17 3811 “
84 3786 116 3848 Ο
128 3784 230 3850 sacris
248 3786 366 3849 devote
378 3804 492 3868 senex,
512 3783 667 3884 quodque
681 3781 790 3870 arguit
809 3791 914 3865 aetas,
