2852 4878
495 665 558 754 M.
585 657 858 756 ANNAEI
892 659 1172 752 LUCANl

224 824 1321 1010 'PHARSALIAE

559 1135 741 1210 LLBER
772 1131 1109 1208 SECUNDUS.

631 1491 1042 1559 tacumruruu

494 1621 665 1692 Quadmpliees
676 1637 770 1689 questus
785 1621 839 1673 teri
849 1639 907 1690 pars
918 1625 994 1691 prima
1009 1625 1104 1672 secundi

493 1714 619 1764 Continet:
635 1715 734 1764 eiusdem
746 1731 803 1781 pars
815 1715 923 1780 proxima
939 1712 1007 1763 rerba
1024 1711 1123 1762 Catonis

492 1798 528 1850 Et
541 1797 624 1858 Bruti,
641 1803 756 1868 dicitque
767 1800 862 1868 jbedere
877 1799 972 1854 Marcia
987 1803 1075 1868 nupsit.
1118 1787 1122 1800 ⁴

493 1890 580 1944 Hostis
594 1896 620 1942 in
638 1911 770 1953 aecurrunt,
783 1895 840 1944 dicte
853 1911 910 1960 pars
923 1895 1004 1952 tertia,
1018 1891 1134 1962 Magnana
1161 1881 1167 1892 ¹

495 1981 642 2050 Oppsur'sse
654 2002 762 2046 manum
777 2000 847 2036 notat
859 2000 883 2036 et
898 1986 961 2052 quod
975 1983 1081 2042 entatu
1094 1985 1130 2032 ira

495 2071 587 2123 Cuncta
599 2089 685 2135 ruunt3
701 2090 806 2143 areaque
819 2077 900 2142 rapit,
915 2071 1045 2124 cedentibus
1054 2075 1141 2124 instat.
1251 2068 1255 2075 '

495 2161 546 2214 Art
560 2167 602 2212 uni
616 2161 688 2214 vitem
700 2165 799 2224 tribuit,
814 2168 853 2232 qui
865 2167 962 2214 nuntius
975 2163 1051 2220 insti,

384 2295 389 2300 .
498 2249 679 2322 Exemplumque
688 2256 748 2322 fuit.
768 2255 823 2327 Quo
837 2259 889 2306 niso
909 2253 1014 2324 Magnus
1029 2242 1064 2304 ad
1075 2271 1153 2305 omnes

505 2337 602 2390 Turmets
612 2345 662 2409 ipse
678 2361 735 2393 suet
750 2344 878 2394 hortandus
893 2362 978 2413 magna
993 2347 1102 2395 minatur.

498 2427 564 2480 Hinc
576 2447 730 2498 pars—quarta
747 2448 831 2494 notat,
849 2431 981 2500 Pompeium
998 2451 1054 2485 tunc
1065 2443 1201 2502 properasse

449 2591 451 2606 W
498 2517 674 2574 andrtsiunt:
690 2528 826 2594 tandemque
840 2527 921 2576 videns
935 2529 1005 2578 maris
1020 2529 1084 2578 ostia
1096 2527 1177 2577 claudi

499 2610 635 2682 Hesperiam
645 2633 778 2686 puppesque
792 2615 852 2669 duas
865 2621 891 2669 in
906 2635 979 2672 morte
990 2623 1091 2688 reliqua.

375 2759 528 2902 Itaque
544 2827 613 2890 irae
626 2835 762 2910 patuere
775 2827 901 2912 Deiuu,
913 2832 1150 2912 manifestaque
1162 2827 1244 2894 belli

375 2937 477 3024 Signa
491 2939 581 3002 dedit
596 2939 757 3000 mundus:
773 2939 941 3025 legesque,
958 2951 990 3002 ct
1005 2941 1138 3004 foedera
1148 2941 1275 3018 rerum,

375 3042 525 3106 Praescia
544 3041 754 3108 monstrifero
773 3044 872 3106 vertit
886 3053 1005 3108 natura
1021 3045 1177 3124 tumultu,

375 3144 566 3226 Indixitque
580 3146 680 3208 nefas.
698 3148 765 3207 Cur
777 3148 864 3209 hanc
883 3146 955 3228 tibi,
967 3157 1073 3210 rector
1087 3145 1243 3230 Olympi,

379 3248 533 3335 Sollicitis
543 3249 651 3312 visum
663 3251 859 3315 mortalibus
872 3254 992 3314 addere
1006 3272 1135 3334 curam,

379 3357 523 3418 Noscant
535 3365 688 3418 venturas
701 3366 738 3418 ut
751 3355 824 3418 dira
837 3376 898 3438 per
910 3357 1023 3420 omina
1038 3358 1167 3422 clades?

381 3458 459 3522 Sive
466 3480 585 3542 parens
597 3481 725 3542 rerum,
738 3480 815 3522 cum
827 3459 973 3544 primum
986 3461 1143 3526 informia
1156 3481 1275 3552 regna,

382 3565 621 3645 Materiemque
633 3569 770 3648 rudem,
782 3570 914 3630 flamma
926 3571 1080 3651 cedente,
1095 3569 1235 3653 recepit,

383 3669 470 3734 Fixit
484 3669 520 3733 in
536 3679 706 3734 aeternum
722 3691 847 3752 causas,
863 3693 929 3754 qua
945 3681 1063 3736 cuncta
1081 3678 1225 3756 codecet,

385 3779 426 3840 Se
439 3795 571 3857 quoque
584 3777 657 3864 lege
674 3787 803 3864 teneus,
817 3791 849 3843 et
863 3777 974 3844 secula
987 3778 1076 3844 iussa
1087 3779 1246 3846 ferentem
