2788 4880
327 362 531 426 arnna
570 365 640 430 ιν.
680 367 803 432 asu.
962 377 1045 460 '9³

93 506 231 571 Debetur
240 503 376 592 gladiis:
395 527 585 590 percussum
596 520 645 572 est
660 519 792 592 pectore
803 513 940 597 tarum,

91 613 128 674 Et
139 611 261 697 iugulis
279 631 426 696 pressere
444 635 591 678 manum.
610 619 694 678 Cum
712 628 800 681 sorte
814 631 951 685 cruenta

20 785 21 790 γ
92 717 252 782 Fratribus
268 718 440 783 incurrant
452 721 583 801 fratres,
601 730 762 801 natusque
772 722 918 804 pareuti3

20 837 22 912 t
93 823 184 889 Haud
196 822 384 908 trepidante
398 834 508 888 tamen
521 833 590 888 toto
606 843 682 890 cum
696 827 843 907 pondere
861 828 978 893 dextra

20 915 21 924 ¹
93 931 231 1014 Exegere
249 947 351 992 enses.
367 927 474 992 Pietas
487 926 680 992 ferientibus
693 947 778 1009 una,

94 1039 159 1098 Nou
173 1036 346 1120 repetisse,
364 1035 435 1098 fuit.
452 1037 522 1098 lam
535 1035 611 1099 latis
624 1035 752 1100 viscera
768 1037 861 1118 lapte

95 1138 302 1204 Semianimes
316 1147 443 1200 traxere
457 1137 552 1218 foris,
571 1139 782 1217 multumque
798 1134 925 1200 cruoris

94 1236 241 1304 Infudere
254 1239 349 1302 mari.
363 1233 559 1323 Despectam
576 1261 710 1304 cernere
724 1236 847 1322 lucem,

77 1345 297 1428 victoresque
315 1348 502 1440 suessultu
516 1357 664 1430 spectare
682 1349 841 1430 superbo,

94 1454 127 1514 Et
140 1461 279 1516 mortem
294 1453 416 1517 sentire
427 1453 529 1516 iuvat.
548 1455 619 1516 Iam
634 1463 745 1540 strage
763 1461 899 1518 cruenta

96 1559 293 1642 Conspicitur
310 1560 476 1658 cumulqta
489 1558 586 1642 ratisa
606 1557 776 1641 bustisque
786 1559 959 1625 remittunt

97 1664 231 1747 Corpora
245 1664 559 1747 victores‚.ducibus
568 1664 783 1746 mirantibus,
800 1665 864 1728 ulli

20 1771 21 1848 ζ
95 1771 162 1833 Esse¹
175 1773 293 1832 ducem
308 1771 399 1834 tanti.
417 1771 689 1834 Nuliammaiore
707 1771 820 1834 locuta
834 1779 884 1834 est

97 1876 156 1937 Ore
170 1885 274 1940 ratem
291 1884 397 1938 tutum
410 1875 597 1940 discurrens
610 1875 698 1938 fama
713 1897 774 1958 per
790 1877 915 1939 orbem.

95 1981 160 2044 Non
176 1990 286 2044 tamen
305 1982 447 2068 ignavae
463 1984 634 2065 posthaec
653 1983 805 2063 exempla
824 1979 974 2044 sirenum
1095 2039 1096 2044 ,

95 2080 270 2171 Percipient
283 2097 414 2175 gentes,
428 2109 527 2170 quam
541 2088 584 2151 sit
605 2107 674 2150 non
687 2088 793 2150 ardua
810 2085 915 2154 virtus
983 2068 1042 2167 5³76

95 2191 260 2255 Servitium
272 2193 397 2280 fugisse
410 2213 524 2256 manu.
542 2195 607 2256 Sed
621 2213 725 2280 regua
744 2193 903 2256 timentur

96 2299 141 2360 Oh
154 2301 292 2382 ferrum,
306 2310 337 2362 et
352 2298 458 2364 saevis
473 2300 607 2364 libertas
624 2301 732 2362 uritur
747 2299 869 2378 armis3

95 2407 284 2493 Ignoratque
301 2411 409 2498 datos,
429 2407 660 2488 nequisquam
676 2407 811 2489 serviat,
830 2427 929 2472 enses·
982 2471 983 2478 ,

95 2517 192 2599 Mors,
201 2515 329 2578 utinam
343 2515 482 2598 pavidos
497 2515 586 2576 vitae
599 2511 783 2576 subducere
801 2514 921 2595 nolles,

95 2615 151 2678 Sed
167 2616 271 2680 virtus
286 2617 399 2680 te'sola
414 2620 523 2680 daret!
540 2621 614 2681 Non
630 2618 762 2706 segnior
778 2615 838 2684 illc

95 2720 191 2785 Marte
207 2722 287 2805 fuit,
304 2721 365 2803 qui
383 2735 460 2786 tunc
474 2717 609 2806 Libycis
622 2721 741 2814 exarsit
756 2721 792 2787 iu
810 2717 906 2784 arvis.
989 2720 990 2728 ’

128 2832 273 2912 Namque
290 2841 375 2894 rates
388 2833 497 2893 audax
513 2831 676 2913 Lilybaeo
695 2831 794 2894 litore
805 2829 903 2892 solvit

96 2935 203 2998 Curio:
218 2957 281 3000 nec
295 2935 374 2999 forti
391 2936 474 3000 velis
490 2936 646 3017 aquilone
659 2942 791 3016 recepto

94 3041 174 3106 Inter
185 3043 357 3108 semirutas
373 3060 514 3129 magnae
529 3041 736 3128 Carthaginis
749 3057 857 3121 arces,

94 3145 129 3210 Et
137 3149 308 3232 Clupeam,
324 3149 429 3212 tenuit
446 3144 594 3212 stationis
608 3148 706 3211 litora
725 3157 840 3210 notae:
897 3165 899 3172 ’
989 3171 992 3180 ’

94 3253 260 3339 Primaque
271 3267 375 3322 castra
384 3257 471 3320 locat
481 3275 564 3320 cano
573 3256 690 3339 procul
701 3271 981 3337 aequore‚quese
1031 3242 1034 3252 ⁵
1084 3317 1087 3322 .

94 3359 232 3447 Bagrada
246 3363 353 3425 lentus
366 3361 451 3448 agit,=
462 3361 567 3425 siccae
577 3359 722 3422 sulcator
735 3377 864 3422 arenae.

94 3460 169 3526 Inde
180 3463 262 3546 petit
276 3465 628 3546 tumulos,exesasque
641 3460 790 3540 undique
804 3476 916 3544 rupes,

94 3567 202 3630 Antaei
213 3588 303 3650 quae
317 3589 421 3654 regna
436 3577 533 3631 vocat
548 3587 616 3630 non
630 3585 716 3629 vana
733 3575 884 3630 retemtas.

93 3675 234 3741 Nominis
253 3675 382 3758 antiqui
398 3675 585 3758 cupientem
602 3691 737 3736 noscere
752 3691 879 3770 causas,

96 3785 227 3872 Cognita
242 3787 438 3870 permultos
450 3782 564 3848 docuit
578 3780 671 3846 rudis
684 3779 794 3846 incola
809 3788 930 3864 patres·
