2788 4880
326 409 367 472 sa
588 389 1052 470 ruausrnrae'
1128 407 1267 489 v.495.

323 550 498 612 Percussae
516 548 638 612 cedunt
651 555 772 627 crates,
788 545 975 626 frustraque
990 547 1107 608 labore
1188 559 1192 565 ·

309 653 490 717 Exhausto
501 651 604 716 sessus
621 649 741 734 repetit
760 649 901 719 tentoria
920 649 1025 715 miles.

364 758 501 820 Summa
515 755 578 824 fuit
595 753 717 837 Graiis,
737 762 861 823 starent
880 762 917 816 ut
934 751 1087 834 moenia,
1106 751 1187 816 voti.

323 865 421 926 Ultro
434 861 521 926 acies
536 859 659 924 inferre
673 869 810 943 parant:
830 859 998 941 armisque
1018 877 1170 948 coruscas

322 969 485 1035 Nocturni
499 977 609 1034 texere
626 968 731 1046 faces3
747 969 922 1048 audaxque
940 966 1097 1031 inventus
1128 979 1131 984 '

321 1073 456 1156 Erupit:
476 1094 546 1138 non
564 1075 657 1138 hasta
676 1072 776 1154 viris,
799 1093 868 1138 uon
885 1071 994 1136 letifer
1012 1091 1129 1154 arcus,

287 1255 290 1261 ¹
321 1180 441 1243 Telum
456 1181 591 1243 flamma
608 1179 686 1258 fuit;
708 1178 907 1262 rapiensque
923 1177 1079 1242 incendia
1101 1185 1226 1244 ventus

321 1281 386 1348 Per
403 1285 555 1350 Romana
570 1283 645 1346 tulit
660 1283 760 1348 celeri
773 1281 962 1348 munimina
979 1303 1087 1346 eursu.

319 1374 408 1469 Nec,
421 1387 573 1472 quamvis
591 1387 691 1450 viridi
707 1390 852 1453 luctetur
867 1390 1004 1468 robore,
1024 1389 1130 1451 lentas

298 1568 300 1587 1
320 1493 412 1582 Ignis
427 1494 497 1580 agit
512 1493 615 1572 vires3
634 1497 728 1558 taeda
744 1497 802 1558 sed
817 1505 931 1578 raptus
946 1497 994 1570 ab¹
1008 1492 1103 1556 omni
1132 1547 1136 1552 ,

296 1592 299 1634 ³
321 1603 541 1684 Consequitur
558 1603 648 1690 nigri
666 1603 812 1687 spatiosa
828 1601 1004 1666 volumina
1019 1599 1124 1665 fumi:

320 1710 388 1771 Nec
405 1711 514 1770 solum
532 1707 648 1790 silvas,
671 1709 730 1774 sed
744 1713 823 1774 saxa
841 1707 992 1794 ingentia
1012 1705 1136 1791 solvit,

321 1814 361 1874 Et
376 1814 500 1876 crudae
508 1813 599 1896 putri
615 1815 781 1878 fluxerunt
797 1815 935 1896 pulvere
954 1821 1073 1878 cautes.

319 1920 516 2001 Procubuit,
536 1919 710 2000 maiorque
730 1920 842 1984 iacens
861 1918 1016 2004 apparuit
1033 1938 1146 2004 agger.

359 2027 439 2110 Spes
453 2025 547 2090 vietis
559 2027 685 2092 telluris
701 2026 770 2090 abit
779 2074 789 2109 ,
804 2027 995 2110 placuitque
1011 2026 1184 2110 profundo

319 2139 500 2200 Fortunam
521 2147 647 2200 tentare
664 2138 761 2200 ma'ri.
783 2141 862 2200 Non*
872 2141 993 2223 robore
1012 2139 1103 2225 picto
1237 2127 1315 2207 5io

321 2241 463 2314 Ornatas
479 2241 589 2304 decuit
608 2242 739 2328 fulgens
755 2223 858 2306 tritela
876 2241 1023 2325 carinas,

177 2357 182 2369 ‘
216 2399 217 2402 ,
319 2349 385 2412 Sed
400 2344 512 2428 rudis,
531 2357 563 2409 et
578 2347 687 2427 qualis
698 2347 887 2430 procumbit
903 2348 1089 2430 montibuS,
1104 2349 1208 2416 arhor

321 2437 528 2534 Conseritur,
545 2449 672 2514 stabilis
688 2451 865 2522 navalibus
881 2471 959 2515 area
975 2452 1084 2521 bellis.

320 2556 441 2619 Etiam
455 2555 651 2642 turrigeram
666 2555 758 2620 Bruti
772 2559 928 2621 comitata
948 2556 1097 2628 carinam
1186 2631 1189 2636 y

319 2663 465 2724 Venerat
482 2655 517 2718 in
537 2659 655 2720 fluctus
670 2659 827 2722 Rhodani
845 2682 921 2724 cunr
939 2661 1072 2748 gurgite
1083 2663 1211 2750 classis,
1271 2721 1273 2726 ,

320 2763 519 2829 Stoechados
529 2781 609 2824 arva
619 2770 743 2826 tenens.
753 2766 826 2827 ‘Nee
838 2785 907 2830 non
919 2776 952 2829 et
962 2761 1238 2834 Graiaiuventus

321 2872 431 2933 Omne
444 2889 541 2951 suum
557 2861 631 2931 fatis
645 2866 753 2932 voluit
770 2869 977 2937 committere
999 2872 1122 2948 robure
1165 2941 1167 2948 ‚

320 2981 600 3058 Grandaevosque
614 2995 709 3040 senes
724 2974 836 3052 mixtis
851 2961 995 3040 armavit
1005 2973 1154 3058 ephebis.

320 3080 455 3164 Accepit
469 3098 538 3140 non
550 3079 621 3140 sola
638 3075 743 3156 viros,
766 3098 850 3157 quae
865 3079 973 3170 stabat
988 3075 1025 3138 in
1040 3077 1158 3160 undis,

320 3185 458 3260 Classis3
478 3192 510 3246 et
526 3181 678 3252 emeritas
694 3193 848 3266 repetunt
861 3181 1035 3246 navalibus
1050 3185 1156 3271 alnqs.

321 3293 366 3352 Ut
384 3287 562 3352 matutinos
577 3308 735 3374 spargens
755 3310 855 3372 super
869 3275 1015 3371 aequora
1033 3289 1189 3352 Phoebus

319 3393 432 3481 Fregit
446 3393 539 3474 aquis
554 3392 679 3474 radios,
695 3403 728 3456 et
739 3393 826 3458 liber
840 3393 985 3474 nubibus
998 3395 1128 3475 aether,

318 3503 360 3562 Et
372 3499 480 3584 posito
494 3505 613 3585 Borea,
633 3519 816 3584 pacemque
835 3500 1023 3566 terrentibus
1036 3499 1181 3584 Austris,

317 3603 492 3669 Servatuin
505 3607 594 3667 bello
608 3604 710 3668 iacuit
721 3625 830 3691 mare,
845 3608 952 3670 movit
968 3610 1012 3670 ab
1026 3605 1128 3671 omni,
1157 3683 1161 3690 ι

319 3708 466 3794 Quisque
479 3708 722 3772 suamstatione
734 3721 858 3794 ratem,
872 3709 1073 3795 paribusque
1088 3708 1231 3776 lacertis
1278 3739 1283 3748 ·

318 3811 465 3898 Caesaris
485 3812 566 3880 hinc
578 3803 720 3898 puppes,
740 3815 820 3880 hinc
835 3815 937 3880 Graio
947 3813 1075 3904 remige
1089 3811 1205 3882 elassis
