2788 4880
332 393 371 456 ῳ
591 329 1036 434 ΡΗΑΜΑΠΑΕ
1131 373 1256 451 v.ec7.

330 513 396 578 Hic
404 511 521 600 recipit
527 513 660 596 fluetus,
674 511 860 598 exstinguat
869 521 906 576 ut
919 517 1063 593 aequore
1076 511 1244 574 dammas:

279 601 280 605 Ἰ
330 618 391 700 Ηὶ,
403 641 445 682 ne
457 629 665 706 mergantur,
682 595 802 696 tabulis
820 617 1013 682 ardentibus
1028 617 1176 679 haerent.
1221 655 1224 664 Δ

236 801 238 810 ‚
330 721 425 784 Mille
443 721 558 784 modos
574 721 661 784 inter
675 720 749 801 leti,
770 740 859 784 mors
878 739 946 782 una
964 717 1076 790 timori
1091 728 1155 799 est,

331 827 407 910 Qua
427 845 564 906 coepere
579 826 677 888 mori.
697 829 764 890 Nec
780 833 882 889 cessat
898 825 1059 909 naufraga
1075 824 1190 886 virtus.
1230 865 1232 868 -

210 973 211 980 κ
330 933 412 1006 Tela
424 933 539 1018 legunt
552 931 679 998 deiecta
691 929 795 1012 mari,
810 931 1001 1013 ratibusque
1020 931 1225 1009 ministrant3

330 1040 542 1120 Incertasque
557 1059 695 1120 monus,
711 1039 778 1100 ictu
789 1039 984 1123 languente,
1006 1059 1067 1121 per
1081 1039 1190 1101 undas

331 1145 501 1206 Exercent.
515 1146 625 1224 Nune,
640 1161 716 1206 rara
733 1145 831 1208 datur
844 1143 873 1208 si
888 1143 985 1229 copia
1000 1144 1100 1226 ferri,

331 1249 478 1310 Utuntur
490 1249 619 1334 pelago.
634 1249 756 1312 Saevus
775 1248 1006 1332 complectitur
1018 1250 1146 1312 hostem

330 1353 459 1435 Hostis,
473 1365 505 1418 et
516 1353 684 1436 implicitis
693 1356 839 1441 gaudent
848 1353 1018 1416 subsidere
1035 1353 1210 1435 membris,

331 1463 584 1544 Mergentesque
599 1459 696 1522 mori.
713 1463 828 1546 Pugna
844 1459 910 1523 fuit
925 1479 1011 1522 unus
1030 1458 1067 1520 in
1084 1458 1144 1522 illa

331 1563 481 1628 Eximius
494 1567 643 1631 Phoceus
654 1565 801 1628 animam
815 1582 946 1628 servare
962 1567 1023 1628 sub
1040 1567 1155 1650 undis,

331 1673 543 1754 Scrutarique
557 1674 697 1754 fretum,
716 1673 846 1754 siquid
856 1673 1036 1765 mersisset,
1054 1675 1164 1740 arenis

331 1781 372 1842 Et
388 1779 488 1842 nimis
506 1779 633 1844 adfixos
649 1779 733 1843 unci·
743 1781 1095 1863 convelleremorsus,

331 1889 520 1952 Adductum
538 1887 668 1970 quoties
679 1907 749 1950 non
759 1895 905 1962 senserat
921 1905 1043 1948 ancora
1056 1887 1181 1950 funem.

331 1991 398 2054 Hic
414 1989 472 2056 ubi
484 2011 710 2074 compressum
730 1989 861 2072 penitus
875 1989 1057 2051 deduxerat
1075 1990 1221 2072 hostem,

331 2097 447 2164 Victor
464 2109 496 2161 et
508 2097 686 2162 incolumis
697 2114 843 2158 summas
857 2097 1026 2160 remeabat
1043 2097 1086 2158 ad
1099 2097 1217 2160 undas.
1226 2141 1228 2144 -
1238 2115 1299 2178 7⁰²

331 2203 398 2264 Sed
408 2223 519 2286 seper
529 2223 650 2266 vacuos
659 2202 764 2266 credit
774 2205 856 2264 dum
870 2221 1006 2288 surgere
1018 2202 1155 2284 fluctus,
1198 2257 1201 2262 .
1234 2233 1237 2239 ·
1328 2205 1347 2220 '

289 2293 296 2311 “
332 2307 504 2391 Puppibus
516 2290 677 2392 occurrit,
694 2310 896 2389 tandemque
907 2309 969 2372 sub
981 2329 1125 2390 aequore
1139 2309 1272 2392 mansit.
1330 2340 1335 2356 ν

332 2409 381 2472 Hi
392 2431 492 2494 super
505 2409 640 2478 hostiles
650 2410 800 2474 iecerunt
816 2409 955 2474 brachia
971 2400 1099 2494 remos,
1124 2395 1126 2398 ⁵

331 2517 374 2578 Et
389 2517 510 2579 ratium
524 2526 659 2582 tenuere
668 2515 794 2602 fugam.
812 2519 887 2580 Non
902 2519 1042 2599 perdere
1056 2519 1162 2580 letum

321 2609 480 2684 *Maxima
496 2631 576 2682 cura
593 2619 676 2688 tuit:
693 2621 817 2686 multus
829 2640 889 2684 sua
904 2622 1048 2686 vulnera
1062 2619 1170 2704 puppi

220 2813 223 2820 ⁴
332 2723 458 2789 Adfixit
466 2724 627 2807 moriens,
642 2731 675 2788 et
690 2726 805 2790 rostris
818 2727 952 2790 abstulit
965 2727 1063 2792 ictus.

374 2821 522 2900 Stantem
539 2829 675 2895 sublimi
689 2831 905 2914 Tyrrhenum
920 2834 1066 2915 culmine
1084 2852 1206 2918 prorae

331 2939 525 3026 Lygdamus
536 2958 671 3006 excussa
684 2938 828 3004 Balearis
842 2947 948 3004 tortor
963 2942 1115 3005 habenae

279 3112 284 3118 ,
333 3047 463 3124 Glande
475 3058 607 3129 petens,
622 3045 730 3110 solido
745 3046 844 3134 fregit
857 3067 940 3111 cava
953 3055 1105 3130 tempora
1117 3049 1270 3130 plumbo.

333 3145 473 3214 Sedibus
487 3151 632 3234 expulsi,
650 3161 826 3236 postquam
844 3174 943 3216 cruor
960 3154 1075 3220 omnia
1088 3154 1179 3236 rupit

254 3347 257 3350 .
331 3255 492 3339 Vincula,
505 3261 732 3343 procumbunt
746 3260 854 3324 oculi:
877 3261 1079 3328 stat-lumine
1090 3268 1185 3344 rapto

330 3358 710 3444 Attonitus,mortisque
724 3361 798 3424 illas
815 3370 910 3452 putat
930 3383 1000 3426 esse
1014 3364 1177 3428 tenebras.
1228 3404 1238 3432 ,

331 3465 375 3528 At
384 3475 560 3548 postquam
573 3467 730 3534 membris
742 3468 842 3534 sensit
855 3453 1005 3532 constare
1018 3469 1167 3556 vigorem
1171 3513 1181 3550 ,

222 3565 223 3568 '
332 3575 418 3655 Vos,
428 3573 489 3655 ait,
505 3593 526 3638 o
540 3576 639 3659 socii,
658 3575 743 3641 siout
756 3584 926 3642 tormenta
943 3576 1077 3658 soletis,

330 3681 389 3746 Me
399 3697 533 3760 quoque
548 3679 717 3745 mittendis
730 3692 858 3746 rectum
876 3681 1068 3766 componite
1085 3681 1170 3746 telis.

331 3787 437 3874 Egere
453 3789 545 3886 quod
554 3799 704 3874 superest
719 3791 869 3874 animae,
881 3792 1084 3876 Tyrrhena,
1103 3811 1163 3876 per
1177 3807 1309 3880 omnes·
