2852 4878
330 374 370 468 ss
592 374 1040 442 ruinsisrss
1134 399 1266 460 v..401
1377 342 1378 406 ³

326 516 469 606 lapsus,
484 521 527 584 ad
541 539 722 602 aequoreas
739 535 864 588 nomen
875 545 946 590 non
959 526 1101 610 pertulit
1118 529 1238 596 undas.

326 630 511 694 Solvuntur
527 627 606 694 tlavi
618 631 722 716 longa
738 629 880 695 statione
894 633 1062 696 Ruthenis

234 799 237 806 ,
326 733 417 798 Mitis
431 737 515 796 Atax
532 733 642 798 istiu
658 735 782 821 gaudet
799 753 869 798 non
887 735 974 799 ferre
992 736 1139 823 carinas,

324 839 418 904 Finis
436 850 469 903 et
487 838 687 922 Hesperiae,
703 852 859 924 promoto
871 841 996 928 limite,
1020 845 1144 911 Varus:
1209 870 1214 877 ·

326 949 470 1032 Quaque
486 949 548 1010 suh
562 947 727 1011 Herculeo
742 957 886 1015 sacratus
899 949 1038 1014 nurnine
1049 962 1176 1036 portus

326 1049 431 1142 Urget
443 1075 527 1138 rupe
540 1072 625 1118 oavs
637 1028 793 1142 pelagiis.
810 1052 881 1120 non
900 1053 1034 1122 Corus
1022 1079 1059 1122 m
1074 1060 1175 1124 illum

326 1164 383 1225 Ius
401 1163 515 1242 habet,
535 1169 592 1222 aut
604 1159 799 1243 Zephyrns3
821 1164 911 1226 solus
923 1163 1093 1228 sualitors
1108 1169 1220 1240 turbat

299 1279 300 1282 ’
327 1237 468 1350 Circius,
489 1275 522 1331 et
541 1275 611 1330 tutu
624 1265 780 1350 prohibet
798 1267 940 1332 statione
957 1269 1122 1334 Monoeci,

327 1379 469 1462 Quaque
483 1373 566 1436 iaoet
583 1371 662 1436 litus
679 1371 839 1452 dubium,
857 1375 949 1453 quod
966 1382 1053 1436 terra
1060 1375 1299 1460 ,iratumque¹

245 1479 248 1485 ⁸
326 1481 483 1550 Vindicat
497 1479 632 1544 alternis
648 1479 796 1562 vicibus,
809 1499 886 1543 oum
903 1481 1056 1546 funditur
1076 1483 1194 1572 ingens
1319 1489 1324 1498 '

328 1589 499 1668 Oceanus,
518 1587 573 1648 vel
594 1601 672 1648 oum
688 1581 816 1671 refugis
832 1603 867 1647 se
888 1583 1042 1650 fluctibus
1067 1588 1185 1653 aufert.

326 1697 455 1762 Ventus
467 1695 511 1757 sb
526 1701 675 1784 exnemo
689 1691 870 1780 pelagus·
843 1711 892 1756 sse
911 1699 973 1756 axe
988 1695 1135 1779 volutet,

326 1800 556 1893 Destituatque
574 1775 697 1874 serensi
720 1815 766 1861 an
784 1795 892 1861 sidere
908 1807 1000 1862 mota
1014 1802 1160 1880 seeundo

118 1931 122 1938 ·
169 1963 171 1970 ⁴
280 1981 284 1992 ι
325 1907 475 1990 Tethyos
491 1905 582 1968 un&
598 1921 702 1991 vagae
719 1901 892 1966 lunaribus
906 1911 1032 1968 aestuet
1048 1898 1172 1985 horis3

326 2009 528 2098 Flammiger
541 2025 586 2072 an
601 2007 718 2090 Titan,
740 2015 778 2069 ut
796 2007 921 2071 alentes
938 2008 1071 2078 hauriat
1090 2013 1217 2096 undas,

326 2115 648 2204 Erigatssceanum,
668 2087 853 2196 tinctisque
870 2115 915 2176 ud
932 2111 1041 2178 sidera
1061 2115 1176 2198 duest,
1239 2119 1310 2194 416

210 2245 213 2250 ·
327 2220 501 2308 Quaerite,
520 2239 603 2302 quos
613 2219 716 2308 agitat
732 2219 852 2282 mundi
868 2221 982 2284 labor:
1001 2217 1036 2284 at
1048 2210 1298 2306 mihisemper¹
1377 2229 1381 2246 “

324 2331 393 2410 Τιι,
408 2345 626 2410 quaeeunque
643 2345 757 2390 moves
777 2335 846 2390 tam
867 2329 1001 2392 crebros
1014 2347 1113 2392 osuss
1124 2340 1271 2417 mestus,

178 2434 181 2440 “
231 2477 234 2482 -
327 2433 373 2494 Ut
387 2428 501 2514 superi
516 2429 669 2513 voluere,
686 2431 778 2496 lates.
798 2429 894 2494 Tune
909 2446 989 2496 nna
1001 2430 1148 2498 Nemetis

198 2559 200 2566 “
327 2542 396 2629 Qui
416 2551 521 2625 tenet,
538 2550 570 2604 et
586 2539 677 2625 ripas
694 2540 808 2624 nturi,
829 2561 896 2624 qua
908 2542 1006 2607 litore
1021 2565 1124 2607 ourvo

266 2659 268 2665 ’
326 2648 476 2712 Molliter
493 2648 675 2713 admissum
694 2648 819 2712 claudit
837 2647 1044 2712 Tarbellicus
1057 2667 1201 2732 aequor,

326 2758 430 2848 Signa
449 2767 576 2841 movet,
592 2757 781 2844 gaudetque
799 2768 911 2821 amoto
924 2759 1088 2822 Santonus
1106 2761 1219 2822 hostes

326 2867 368 2928 Et
385 2865 531 2950 Biturix,
548 2863 723 2954 longisque
742 2867 832 2930 leves
852 2865 1028 2932 Suessones
1047 2867 1084 2930 in
1102 2867 1223 2932 armis:

328 2973 485 3055 Optimus
500 2989 635 3036 excusso
653 2973 781 3036 leucus
790 2973 1005 3053 Rhemusque
1022 2973 1164 3053 lacerto,

329 3079 466 3161 Optima
482 3097 563 3164 gens
582 3076 674 3143 flexis
688 3076 726 3138 in
737 3097 862 3165 gyrum
875 3079 1027 3159 Sequana
1040 3076 1162 3141 frenis:

327 3185 368 3246 Et
383 3183 499 3246 docilis
515 3193 623 3246 rector
636 3183 812 3247 monstrati
825 3186 924 3271 Belga
938 3183 1069 3248 covini:

326 3287 537 3368 Arvernique
554 3287 626 3351 susi
643 3287 739 3352 latio
755 3310 791 3353 se
808 3288 936 3376 fingere
953 3291 1088 3373 iratres,

242 3436 256 3454 .
326 3391 496 3478 Sanguine
514 3393 556 3454 ab
573 3390 675 3454 Iliaco
688 3391 825 3474 populi,
844 3391 1054 3472 nimiumque
1066 3387 1202 3457 rebellis

327 3497 484 3594 Nervius,
498 3505 531 3558 et
542 3495 629 3560 oaesi
644 3497 791 3580 pollutus
809 3495 974 3583 sanguine
990 3499 1125 3560 Cottae:

326 3607 367 3669 Et
383 3605 488 3687 quite
506 3603 588 3668 laxis
601 3603 795 3687 imitantur,
816 3605 982 3685 Sarmata,
1000 3601 1126 3666 braccis
1165 3675 1168 3682 1

326 3713 535 3800 Vangiones:
555 3705 735 3796 Balavique
749 3712 879 3796 ¹truces,
896 3732 979 3794 quos
996 3712 1073 3796 asie
1087 3729 1233 3776 reouwo

326 3823 506 3889 Stridentes
525 3839 644 3888 acuere
660 3825 779 3890 tubae:
796 3843 863 3906 qua
879 3821 987 3910 Cinga
1007 3829 1156 3911 pererrat
