2790 4874
354 369 559 430 LIBER
598 367 670 432 Vi.
711 369 835 452 ualido.
1017 369 1071 434 151

116 520 214 604 Quod
227 514 372 598 trepidus
387 487 492 595 hino,
510 515 864 606 quodstrixnoeturna
879 529 1073 604 queruntur,

115 627 216 711 Quod
226 623 365 690 strident
380 624 690 706 ululantquelerae‚
703 627 794 704 quod
803 625 913 691 sibilat
929 627 1060 712 anguis,

115 730 296 814 Exprimit,
315 739 347 792 et
357 729 509 810 planetus
520 729 625 794 illisae
639 731 788 794 cautibus
799 733 925 813 undae,

115 838 346 916 Silvarumque
359 836 492 916 sonum,
510 836 699 917 tractaeque
718 837 981 902 tonitruauubis.

115 937 178 997 Tot
193 955 306 998 rerum
319 955 384 998 uox
401 955 470 998 una
481 935 554 998 fuit.
571 941 650 1000 Mox
661 950 768 1000 uetera
784 949 883 1000 cantu

114 1042 265 1124 Explicat
278 1041 485 1124 Haemonio,
504 1053 719 1124 penetratque
733 1044 768 1106 ln
778 1047 915 1106 Tartara
928 1045 1052 1131 lingua.

114 1145 325 1228 Eumenides,
338 1145 554 1232 Stygiumque
564 1147 671 1230 netas,
681 1151 876 1228 Poenaeque
884 1163 1071 1232 nocentum,

115 1253 155 1322 Et
167 1253 274 1313 Chaos
283 1250 474 1314 innumeros
489 1237 623 1314 avidum
636 1252 841 1316 confundere
849 1255 1008 1332 mundos3

114 1359 154 1419 Et
166 1360 286 1422 Rector
296 1368 414 1438 terrae,
435 1379 535 1438 quem
545 1359 645 1444 longa
657 1356 693 1422 in
711 1361 821 1420 secula
839 1368 971 1438 torquet

114 1469 204 1528 Mors
217 1465 318 1528 dilata
330 1468 439 1528 Deum
451 1487 460 1543 3
473 1450 628 1548 Styx,et‚
645 1484 727 1544 quos
740 1465 834 1528 nulla
848 1475 992 1534 meretur

115 1571 291 1653 thessalis,
305 1572 446 1654 Elysios,
460 1568 604 1655 eoelum,
623 1583 829 1652 matremque
843 1591 963 1654 perosa

98 1675 330 1756 *Persephonet
340 1678 677 1754 nostraequeHecates
684 1691 760 1754 pars
768 1673 894 1753 ultima,
901 1690 1072 1755 perquam

114 1773 268 1836 Manibus
284 1785 315 1840 et
333 1775 417 1840 mihi
428 1787 504 1840 sunt
520 1775 637 1840 tacitae
649 1775 846 1840 commercia
858 1775 1008 1864 lingueret
1068 1807 1071 1826 r

103 1876 240 1948 'Ianitor
256 1890 289 1942 et
303 1880 389 1944 sedis
402 1881 513 1962 laxae,
529 1879 586 1960 qui
600 1879 725 1943 viscera
737 1899 836 1942 saeuo
866 1955 874 1959 ,

114 1985 247 2070 Spargis
264 1996 377 2049 nostra
391 1985 482 2063 cani;
505 1983 707 2068 repetitaque
724 1983 781 2048 fila
797 1997 926 2048 sorores

112 2093 303 2166 Fracturae3
324 2099 424 2170 tuque
440 2089 637 2178 otlagrantis
648 2087 789 2171 portitor
805 2091 934 2169 undae,
1013 2104 1072 2166 704

112 2195 184 2256 Iam
198 2197 316 2265 lassate
334 2214 449 2275 senex,
466 2195 508 2256 ad
526 2213 579 2257 me
594 2190 808 2256 redeuntibus
827 2188 970 2254 umbris:

112 2297 273 2360 Exaudite
288 2319 419 2380 praeest
437 2297 535 2361 sivos
550 2296 628 2361 satis
641 2316 700 2360 ore
712 2296 874 2378 nefando„
948 2277 955 2303 ³

113 2401 310 2489 Pollutoque
322 2428 420 2491 vooo,
433 2407 462 2472 si
473 2428 645 2488 nunquam
660 2409 742 2470 haee
761 2408 907 2472 earmina
921 2403 1014 2476 fibris
1097 2461 1099 2473 .

112 2515 276 2576 Humanis
291 2513 403 2576 ieiuna
420 2533 522 2594 cano,
541 2512 569 2574 si
580 2521 716 2594 pectora
732 2515 833 2595 plena

112 2619 216 2700 Saepe
232 2616 323 2699 dedi,
339 2628 370 2684 et
384 2616 453 2678 lavi
470 2615 578 2678 calido
594 2621 743 2696 prosecta
761 2613 912 2676 cerebro:

112 2723 248 2806 Siquis,
267 2723 325 2804 qui
334 2721 448 2786 vestris
462 2731 571 2803 caput,
586 2731 725 2798 extaque
738 2717 887 2785 lancibus
900 2713 1010 2780 infant

112 2830 291 2914 Imposuit,
307 2829 454 2896 vieturus
466 2837 678 2910 conparere
695 2822 853 2906 precanti·

113 2941 189 3001 Non
200 2935 236 2998 in
247 2939 404 2998 Tartareo
420 2934 602 3000 latitantem
617 2928 781 3014 poscimus
797 2936 911 3007 antro,

114 3045 356 3120 Adsuetamque
368 3039 428 3104 diu
443 3037 602 3118 tenebris,
619 3036 720 3099 modo
735 3035 808 3096 luae
824 3031 937 3115 fugata

112 3147 374 3208 Descendentem
392 3142 557 3206 animam:
576 3138 685 3222 primo
703 3134 858 3218 pallentis
871 3132 965 3200 hiatu
1082 3198 1085 3205 ,

113 3253 237 3314 Haeret
252 3250 361 3312 adhuc
377 3246 466 3312 Oroi.
481 3247 572 3314 licet
585 3247 644 3309 has
658 3240 810 3307 exaudiat
826 3241 946 3315 herhas

114 3357 166 3441 Ad
182 3375 296 3418 manes
309 3364 448 3422 ventura
464 3354 575 3420 semel.
592 3349 694 3416 Ducis
708 3347 821 3410 omina
834 3355 913 3412 nato

115 3449 317 3541 Pompeiana
328 3469 423 3528 canat
439 3449 544 3524 nostri
558 3457 659 3518 modo
678 3450 792 3515 militis
806 3450 940 3533 umbra,

114 3566 249 3630 sibene
265 3570 306 3630 de
324 3567 418 3632 vohis
437 3565 548 3632 civilia
569 3565 659 3628 bella
676 3567 854 3630 merentur.
1102 3640 1106 3648 .

156 3670 312 3734 Haecuhi
322 3671 406 3752 lata,
418 3681 528 3752 eaput,
540 3665 791 3751 spumantiaque
805 3682 864 3731 ora
873 3657 1012 3742 levavit,

116 3773 262 3857 Adspicit
278 3775 460 3844 adstantem
472 3769 611 3856 proiecti
627 3768 772 3860 corporis
785 3771 953 3850 umbram,
