2824 4880
355 399 447 462 >218
642 387 1083 456 PH·ARSALIAE
1181 403 1300 468 *¹74-

386 541 431 600 Ut
446 533 592 621 primum
607 534 644 597 in
657 495 776 597 sociae
781 530 933 615 pervenit
949 530 1050 594 litora
1061 537 1183 610 terrae,
1244 527 1247 532 '

387 641 532 728 Collegit
546 649 665 722 vestes,
680 636 858 718 miserique
875 635 1018 722 insignia
1036 634 1167 720 Magni,
1386 639 1387 712 t

385 751 571 828 Armaque,
585 755 618 808 et
633 743 807 826 impressas
823 759 920 821 auro,
939 759 1021 822 quas
1031 749 1175 826 gesserat
1194 737 1289 822 olim,
1386 723 1387 772 l

385 853 542 934 Exuvias,
557 851 726 935 pictasque
740 859 848 934 togas,
867 847 1033 910 velamina
1045 865 1175 908 summo

385 965 451 1024 Ter
468 966 642 1041 conspecta
656 955 746 1036 lovi,
762 955 958 1034 funestoque
971 951 1084 1014 intulit
1095 950 1178 1037 igni.

384 1065 447 1128 Ille
460 1063 523 1126 fuit
538 1061 677 1130 miserae
692 1058 806 1144 Magni
825 1057 918 1124 cinis.
932 1056 1064 1140 Accipit
1076 1057 1186 1122 omnis
1386 1129 1387 1146 χ

380 1170 584 1251 Exemplum
597 1166 715 1250 pietas,
732 1176 765 1229 et
778 1175 846 1228 toto
859 1165 955 1229 litore
969 1169 1065 1230 busta
1386 1151 1387 1154 Ἴ

386 1273 546 1360 Surgunt,
560 1269 755 1366 Thessalicis
770 1269 942 1334 reddentia
955 1257 1110 1334 manibus
1122 1269 1245 1356 iguem.

386 1373 455 1456 Sic,
470 1372 529 1436 ubi
546 1371 687 1455 depastis
701 1373 893 1443 submittere
908 1372 1059 1460 germina
1077 1373 1204 1456 campis
1241 1456 1243 1465 Ι

384 1485 426 1546 Et
435 1501 595 1546 renovare
612 1499 733 1564 parans
748 1479 905 1546 hibernas
918 1483 1045 1564 Apulus
1060 1483 1195 1562 herbas,

384 1589 468 1674 Igne
480 1587 569 1650 fovet
578 1595 697 1666 terras,
710 1583 810 1648 simul
828 1593 860 1648 et
871 1587 1063 1672 Garganus,
1079 1594 1112 1648 et
1125 1603 1206 1648 arva

384 1689 549 1772 Vulturis,
564 1701 596 1754 et
614 1691 714 1754 calidi
732 1693 844 1756 lucent
861 1693 980 1756 buceta
994 1691 1122 1756 Matini.

385 1798 461 1859 Non
475 1806 585 1858 tamen
600 1795 643 1856 ad
656 1795 769 1880 Magni
783 1795 938 1878 pervenit
953 1793 1080 1880 gratius
1093 1797 1264 1876 umbram,

387 1895 495 1958 Omne
512 1897 603 1976 quod
617 1894 653 1956 in
666 1896 808 1980 Superos
825 1897 925 1958 audet
943 1895 1094 1960 convicia
1107 1898 1242 1982 vulgus,

385 2001 648 2086 Pompeiumque
661 2000 739 2064 Deis
752 1999 870 2082 obicit,
888 2019 989 2080 quarn
1006 2019 1112 2083 pauca
1125 2002 1258 2064 Catonis

385 2112 512 2191 Verba,
526 2112 584 2172 sed
600 2130 620 2170 a
632 2109 733 2191 pleno
748 2107 916 2172 venientia
932 2117 1068 2190 pectore
1080 2108 1164 2173 veri.
1274 2110 1328 2188 '189

386 2213 474 2276 Civis
485 2209 568 2296 obit,
589 2214 716 2306 inquit,
730 2217 837 2278 multo
852 2214 1035 2288 maioribus
1054 2215 1164 2298 impar
1224 2223 1225 2226 ’

384 2322 487 2382 Nosse
499 2321 636 2380 modurn
647 2319 744 2400 iuris,
757 2322 816 2384 sed
829 2319 865 2382 in
877 2323 1066 2410 hoctamen
1077 2319 1167 2402 utilis
1182 2338 1280 2400 aevo,

386 2426 449 2489 Cui
461 2445 529 2488 non
545 2427 614 2489 ulla
629 2426 693 2488 fuit
706 2425 784 2490 iusti
800 2428 1005 2492 reverentia:
1024 2429 1115 2492 salva

385 2529 549 2594 Libertate
563 2519 695 2613 potens,
717 2540 750 2593 et
766 2533 855 2595 sotus
872 2533 970 2614 plebe
984 2541 1098 2616 parata

385 2636 535 2698 Privatus
549 2635 673 2699 servire
689 2635 769 2718 sibi,
788 2629 962 2719 rectorque
974 2640 1126 2719 Senonas,
1165 2684 1166 2692 κ

384 2746 449 2808 Sed
461 2745 644 2831 regnantis,
659 2757 738 2809 erat.
755 2747 810 2810 Nil
821 2749 902 2810 belli
914 2748 986 2812 iure
1003 2731 1172 2833 poposcit:
1386 2805 1387 2828 ,

387 2855 547 2937 Quaeque
565 2853 638 2916 dari
656 2853 781 2936 voluit,
799 2855 906 2917 voluit
921 2855 986 2919 sibi
1001 2877 1095 2940 posse
1108 2855 1234 2942 negari.

385 2955 582 3020 Immodicas
595 2955 740 3038 possedit
754 2977 851 3040 opes3
871 2961 929 3021 sed
945 2959 1042 3040 plura
1053 2958 1189 3020 retentis

384 3061 654 3128 Intulit:·invasit
671 3065 814 3156 ferrum,
833 3069 891 3130 sed
904 3087 1028 3148 ponere
1046 3075 1153 3129 norat.

384 3171 544 3233 Praetulit
557 3191 649 3234 arma
667 3181 781 3258 togae:
798 3175 856 3236 sed
875 3193 991 3255 pacem
1005 3185 1155 3254 armatus¹
1168 3172 1292 3239 amavit.

385 3275 474 3339 Iuvit
491 3288 598 3341 sumta
617 3281 751 3361 ducem,
773 3279 857 3341 iuvit
876 3279 1008 3342 dimissa
1022 3285 1175 3362 potestas.

386 3385 482 3450 Casta
497 3386 628 3467 domus,
643 3387 790 3465 luxuque
804 3402 932 3468 carens,
947 3395 1167 3468 corruptaque
1173 3401 1325 3464 nunquan

386 3489 531 3554 Fortuna
545 3490 682 3554 domini.
703 3491 837 3554 Clarum
852 3499 883 3554 et
899 3491 1087 3554 venerabile
1102 3511 1226 3556 nomen

387 3593 562 3676 Gentibus,
577 3605 612 3659 ct
623 3597 765 3676 multum
778 3608 908 3661 nostrae
923 3601 1014 3680 quod
1027 3601 1185 3682 proderat
1196 3594 1277 3663 urbi.

387 3697 479 3761 Olim
492 3719 570 3761 vera
583 3697 664 3767 fides
682 3703 774 3764 Sulla
787 3703 959 3784 Marioque
972 3703 1109 3787 receptis

385 3801 560 3868 Libertatis
574 3796 663 3868 obit:
681 3805 845 3890 Pompeio*
859 3809 957 3874 rebus
974 3810 1105 3872 ademto
