2824 4880
182 448 189 462 .
263 359 585 426 PHtRsALIAE
609 360 783 424 LIB.lX.
803 363 906 426 usti.
1008 363 1071 457 aab

101 503 193 570 Hinc
205 522 309 588 turper¹
320 500 491 574 Emathiae
505 521 655 596 campos,
667 512 700 567 et
715 502 810 594 signa
828 505 957 570 cruenti
1000 493 1002 500 ’

102 605 623 690 (ἶαεωίε,αο,ερτιτεαε,νοίἱῑεινὶῑ
638 605 977 690 in.aequoreclasses;
1070 607 1072 611 ’

104 717 145 778 Et
160 717 323 780 scelerum
332 695 458 778 ¹'uindex
471 713 510 794 iu
522 722 635 790 sancto
654 723 788 800 pectore
802 715 895 798 Bruti
992 709 995 716 ’

105 822 216 904 Sedit,
231 831 263 884 et
274 819 390 888 invicti
401 819 512 902 posuit
528 839 563 884 se
578 829 691 886 mente
703 821 845 888 Catonis.
903 807 905 815 ’

144 930 208 991 Ille
223 929 282 991 ubi
293 928 482 1010 pendebant
495 945 604 1008 casus,
617 926 824 1008 dubiumque
835 930 1009 1014 manebat,

104 1035 218 1116 Quem
231 1030 405 1101 dominum
421 1029 539 1092 mundi
554 1030 700 1093 facerent
717 1025 827 1094 civilia
843 1033 951 1113 bella,

88 1173 92 1178 x
106 1138 235 1199 Oderat
250 1146 282 1199 et
294 1138 468 1222 Magnum,
481 1133 631 1216 quamvis
647 1154 756 1198 eomes
771 1135 848 1200 isset
861 1136 899 1202 in
918 1157 1026 1221 arma,

11 1251 18 1268 '
105 1241 273 1324 Auspiciis
285 1251 397 1324 raptus
412 1237 556 1322 patriae,
570 1239 735 1320 ductuque
751 1241 898 1308 senatus.
932 1223 934 1236 ⁴

106 1351 150 1410 At
167 1357 243 1430 post
258 1343 460 1410 Thessalicas
473 1345 581 1408 clades
595 1343 664 1406 iam
677 1353 809 1428 pectore
828 1355 897 1410 toto

105 1453 329 1536 Pompeianus
344 1461 422 1514 erat.
435 1448 579 1513 Patriam
596 1459 702 1514 tutore
717 1459 884 1532 serentem

106 1553 262 1638 Excepit,
273 1553 392 1636 populi
408 1552 608 1636 trepidantia
622 1557 772 1618 membra
790 1555 926 1640 refovit,

106 1663 244 1751 Ignavis
258 1661 411 1750 manibus
428 1661 590 1744 proiectos
604 1662 748 1725 reddidit
767 1651 878 1728 enses}

107 1770 178 1830 Nec
192 1785 335 1852 regnum
353 1763 487 1848 cupiens
499 1763 598 1850 gessit
611 1763 722 1832 civilia
738 1769 840 1852 bella,

107 1873 178 1933 Nec
191 1867 314 1934 servire
329 1866 455 1930 timens.
472 1867 526 1933 Nil
535 1885 634 1930 causa
647 1867 725 1930 feeit
739 1867 776 1958 in
790 1867 892 1933 armis

36 1971 40 1977 ’
106 1976 185 2058 Ipse
198 1993 274 2038 sua:
289 1982 377 2038 totae
392 1983 466 2056 post
478 1971 594 2058 Magni
611 1972 729 2036 lunera
739 1983 849 2056 partes

107 2075 285 2140 Libertatis
299 2086 406 2144 erant:
421 2082 503 2157 quas
518 2097 560 2138 ne
574 2098 633 2159 per
646 2075 744 2138 litora
758 2077 847 2142 fusas
1032 2083 1070 2141 30

109 2181 291 2268 Colligeret
305 2180 424 2264 rapido
437 2179 574 2271 victoria
583 2179 731 2250 Caesaris
739 2190 830 2264 actu,

111 2289 279 2368 Corcyrae
291 2293 416 2348 secreta
429 2281 527 2366 petit,
539 2301 578 2346 ae
593 2281 685 2346 mille
704 2281 825 2350 caristia

110 2389 255 2454 Abstulit
272 2388 443 2454 Ernathiae
459 2409 571 2460 secum
585 2389 770 2475 fragmenta
783 2387 913 2454 ruinae.

111 2499 196 2586 Quis
209 2498 333 2564 ratibus
342 2499 441 2564 tantis
453 2495 613 2584 fugientia
624 2497 771 2568 crederet
787 2496 835 2558 ire

111 2605 281 2693 Agmina?
297 2603 376 2686 quis.
386 2605 524 2688 pelagus
535 2601 638 2664 victas
654 2608 774 2668 artasse
792 2599 943 2666 carinas?

123 2756 128 2767 t
153 2707 907 2790 DoridatuncMalean,etapertamTaenaron
918 2707 1059 2791 umhrts,

110 2821 196 2882 Inde
209 2820 354 2900 Cythera
365 2814 465 2900 petit:
479 2819 647 2894 Boreaque
663 2821 802 2896 urgente
816 2812 945 2876 carinas

113 2927 212 2988 Creta
224 2921 324 3010 fugit:
344 2908 483 2985 Dictaea*
491 2917 586 3006 legit,
602 2914 793 2999 cedentibus
808 2915 922 2996 undis,
996 2905 1003 2950 ’-

112 3030 237 3092 Litora.
247 3031 342 3092 Tune
358 3047 475 3090 ausum
492 3022 587 3090 classi
601 3022 814 3106 praecludere
829 3027 944 3102 portus

113 3107 267 3213 Impulit,
281 3150 321 3192 ae
335 3148 448 3191 saevas
461 3124 615 3188 meritum
628 3127 802 3208 Phycunta
817 3123 951 3208 rapinas

115 3233 258 3318 Sparsit:
275 3242 307 3294 et
322 3233 403 3296 hinc
417 3229 641 3314 placidisalto
657 3228 822 3292 delabitur
836 3227 924 3308 auris

112 3341 157 3402 In
167 3338 265 3420 litus,
278 3335 450 3417 Palinure,
463 3344 575 3396 tuum:
596 3329 725 3419 (neque
741 3332 830 3395 enim
841 3350 996 3414 ¹aequore
1094 3397 1097 3404 ,

464 3435 467 3448 '
736 3497 738 3504 ,
767 3451 896 3504 tantum

115 3549 264 3614 Ausonio
276 3557 492 3616 monumenta
506 3555 612 3610 tenes:
628 3552 807 3627 portusque
821 3542 949 3624 quietos

116 3657 271 3718 Testatur
286 3654 393 3737 libye
407 3649 554 3738 Phrygio
567 3645 728 3732 plaeuisse
744 3645 951 3734 magistro.)

108 3761 209 3852 ,Cum
224 3761 342 3844 procul
360 3781 401 3825 ex
418 3761 486 3824 alto
503 3743 672 3824 tendentes
688 3756 761 3820 vela
776 3754 908 3820 carinae
943 3821 945 3826 ,
1007 3791 1008 3794 ¹
1125 3813 1128 3820 .
