2790 4874
347 355 407 427 ιε,
600 355 1040 424 rnunsucran
1139 335 1259 436 alu.
1377 383 1378 400 ι

345 497 522 566 Exanimes
538 508 642 580 artus,
656 497 828 580 invisaque
843 498 984 564 claustra
1000 496 1172 564 timentem

347 605 496 668 Carceris
509 603 646 686 antiqui.
655 655 659 662 .
668 606 769 666 Pavet
788 603 837 666 ire
853 601 889 666 iu
903 612 1017 686 pectus
1030 611 1201 690 apertum,

345 713 560 794 Visceraque,
577 721 608 772 et
621 721 733 792 ruptas
750 709 842 774 letali
857 711 995 774 vulnere
1007 705 1115 771 fibras.

346 819 396 883 Ah
411 815 523 896 miser,
539 823 721 890 extremum
737 809 920 878 ouinrortis
929 829 1051 874 munus
1066 807 1202 890 iniquae

346 921 511 1007 Eripitur,
524 940 594 983 non
611 939 705 1002 posse
720 917 816 981 mori.
832 917 973 982 Miratur
986 913 1160 997 Erichtho,

347 1031 417 1094 Has
429 1027 504 1090 littis
517 1026 646 1090 licuisse
660 1045 785 1106 moras,
806 1023 957 1106 irataque
967 1020 1068 1086 Morti

348 1131 507 1195 Verberat
525 1131 700 1195 immotum
714 1129 792 1192 vivo
805 1133 957 1212 serpente
970 1127 1131 1199 cadaver:

349 1235 477 1314 Perque
491 1253 586 1298 cavas
603 1244 723 1310 terrae,
744 1253 825 1316 quas
842 1220 912 1320 egil
928 1229 1090 1313 carruine,
1106 1230 1209 1298 rimas

348 1340 503 1406 Manibus
515 1342 655 1423 illatrat,
675 1343 836 1427 regnique
852 1345 983 1414 silentia
996 1342 1132 1426 rumpit.

349 1444 545 1528 Tisiphone,
559 1446 714 1526 vocisque
732 1467 826 1510 meae
842 1467 957 1515 secura
972 1451 1143 1536 Megaera,

348 1552 424 1614 Non
441 1551 535 1638 agitis
552 1551 657 1618 saevis
672 1553 770 1615 Erebi
791 1553 965 1635 perinane
984 1551 1122 1639 flagellis

348 1652 520 1718 infelicem
538 1656 709 1720 animaru?
726 1656 793 1720 iam
810 1678 868 1722 vos
884 1677 945 1746 ego
965 1657 1101 1722 nomine
1114 1677 1194 1720 vero

350 1758 507 1841 Eliciam,
525 1749 721 1847 Stygiosque
739 1771 834 1850 canes
847 1764 883 1828 in
901 1767 975 1830 luce
992 1783 1135 1847 superna

350 1861 551 1926 Destituam:
565 1885 625 1946 per
639 1865 733 1936 busta
748 1885 886 1947 sequar,
897 1883 961 1948 ‘per
978 1867 1096 1930 funera
1109 1873 1225 1929 custos.

348 1967 522 2050 Expellam
534 1969 687 2051 tumulis,
702 1969 834 2057 abigam
847 1991 906 2036 vos
919 1971 1073 2036 omnibus
1086 1970 1188 2036 urnis·

352 2073 465 2152 Teque
478 2075 573 2157 Deis,
586 2077 627 2138 ad
643 2097 726 2157 quos
744 2075 810 2142 alio
823 2079 1001 2159 procedere
1014 2077 1109 2140 vultu
1242 2076 1297 2157 736

350 2175 442 2240 Ficta
455 2181 553 2260 soles,
567 2182 707 2261 Hecate,
729 2179 866 2262 pallenti
885 2180 995 2244 tabida
1009 2180 1132 2260 forma,

350 2280 549 2363 Ostendam,
561 2281 744 2362 faciemque
756 2283 854 2346 Erebi
866 2293 995 2346 mutere
1009 2284 1137 2354 vetabo.

349 2387 495 2466 Eloquar
514 2387 675 2452 immenso
694 2399 799 2470 terrae
816 2391 877 2452 sub
893 2389 1059 2471 pondere,
1073 2407 1159 2470 quae
1171 2395 1204 2452 te
1266 2413 1267 2418 ¹

349 2490 563 2572 Contineant,
574 2493 720 2572 Quaen,
730 2493 843 2574 dapes,
856 2511 923 2573 quo
933 2491 1066 2556 foedere
1081 2500 1241 2554 moestum

349 2600 477 2682 Regem
490 2599 596 2662 noetis
609 2619 717 2678 ames,
734 2619 818 2680 quae
829 2610 860 2662 te
871 2599 1023 2688 contagia
1035 2617 1163 2681 passam

349 2701 498 2768 Noluerit
514 2727 669 2770 revocare
683 2711 789 2772 Ceres.
807 2709 901 2790 Tibi,
919 2707 1057 2794 pessime
1072 2707 1191 2772 mundi

348 2813 491 2897 Arbiter,
513 2815 689 2882 immittam
708 2817 812 2900 ruptis
825 2819 945 2882 Titana
962 2815 1129 2899 cavernis,
1185 2820 1187 2824 ⁴

348 2921 390 2986 Et
406 2921 515 2985 subito
533 2921 652 2986 feriere
667 2923 731 2988 die.
750 2923 959 2989 Paretisi'an
971 2922 1028 2986 ille

348 3025 606 3106 Compellandus
624 3023 705 3102 erit,
724 3044 791 3105 quo
810 3011 1086 3106 nunquam-terra
1103 3034 1219 3088 vocato

346 3127 421 3188 Non
440 3147 594 3192 eonoussa
605 3127 731 3202 tremit,
747 3129 805 3210 qui
821 3131 977 3214 Gorgona
993 3129 1097 3192 ceruit
1120 3139 1278 3212 apertam,
1377 3183 1378 3210 ζ

345 3232 610 3321 Verberibusque
625 3233 693 3296 suis
707 3236 870 3317 trepidam
884 3235 1019 3322 castigat
1032 3233 1216 3317 Ennnyu,
1377 3225 1378 3296 l

345 3341 538 3427 Indespecta
551 3352 638 3408 tenet
658 3343 751 3406 vobis
769 3342 827 3424 qui
844 3345 1000 3420 Tartara3
1021 3343 1115 3412 ouius
1377 3329 1378 3356 ¹

347 3443 417 3513 Vos
429 3448 503 3512 estis
519 3449 655 3532 Superi,
674 3449 803 3537 Stygias
820 3449 878 3531 qui
894 3450 1020 3532 peierat
1036 3451 1163 3514 undas?

348 3551 503 3615 Protinus
520 3554 691 3618 adstrictus
710 3553 936 3636 caluitoruor,
957 3553 1186 3635 atraqueforit

350 3657 512 3738 Vulnera,
523 3667 555 3719 et
567 3657 603 3720 in
614 3677 712 3739 venas
721 3670 934 3739 extremaque
942 3661 1091 3722 membra
1099 3657 1253 3722 cucurrit.

219 3767 228 3786 ¹
350 3738 1167 3850 Percussaagelidoneiiidantsubpectorefibraer
