2852 4878
377 395 513 459 ttttrtrt
560 374 866 458 ARGUMENTA
891 374 1006 454 LIBR.
1030 373 1223 472 Lucam.

532 518 561 594 ἒ
655 539 906 620 ars.v111'.

380 679 533 746 ocmvo
548 681 580 744 ln
595 675 718 744 Lesbon
735 679 852 762 fugiens
873 697 928 761 per
944 677 1032 742 devia
1045 671 1175 764 Magnus

380 785 531 868 Navigat,
551 801 582 848 et
601 785 714 846 coniux
729 783 915 846 lacrimando
929 783 1057 848 abducta
1072 779 1219 866 relinquit·

381 892 558 986 Deflentem
569 891 731 977 populum:
752 902 917 974 properans
933 907 997 953 tum
1016 907 1107 953 nauta
1122 905 1286 968 monetur,

301 1008 307 1018 '
382 999 502 1064 Tendat
511 996 554 1064 ‘ut
567 999 606 1061 ad
625 999 755 1074 Cilices,
770 998 823 1062 ubi
840 995 968 1072 Sextus,
982 996 1072 1060 turba
1086 992 1274 1080 Datumque

381 1106 579 1182 Decernunt,
598 1125 662 1190 quo
682 1106 720 1168 sit
738 1101 812 1170 Dux
832 1101 1060 1186 confugiturus,
1080 1113 1232 1184 atroxque

381 1211 544 1292 Aegyptus
561 1207 685 1292 legiturt
701 1207 874 1268 venientem
892 1205 972 1288 regia
992 1202 1111 1286 prodit,

382 1313 583 1398 Coniugeque
604 1330 636 1376 et
649 1333 741 1396 gnato
761 1329 864 1376 coram
876 1303 1016 1374 confodit
1032 1293 1173 1375 thillas.

382 1419 567 1486 Ambustum
584 1413 706 1485 Cordus
720 1437 858 1484 truncum
877 1417 954 1484 clam
974 1417 1049 1480 texit
1066 1433 1169 1480 arena.

685 1592 781 1662 ΗΒ.
812 1591 876 1664 tx.

382 1729 539 1792 Satattos
559 1727 591 1791 ln
609 1723 691 1789 Nono
709 1725 813 1812 Magni
831 1721 907 1812 petit
921 1725 1064 1802 aethera,
1079 1735 1197 1810 pugnae

383 1825 601 1920 Reliquiasque
619 1833 700 1898 Cato
717 1835 834 1916 Libyae
848 1851 1041 1920 transportat
1058 1836 1089 1896 in
1106 1823 1195 1910 oras,

383 1932 423 2004 Et
439 1956 510 2002 cum
526 1937 677 2033 Pompeiis
693 1938 838 2022 Magnum
859 1936 1002 2000 Cornelia
1019 1937 1111 2020 luget

381 2013 493 2127 Quem
509 2043 592 2108 Cato
609 2045 824 2107 commendans
844 2035 955 2104 Cilices
972 2041 1118 2124 castigat,
1135 2056 1167 2105 et
1182 2041 1253 2106 inde

379 2145 443 2213 Pet
455 2149 561 2245 Syrtes
577 2147 691 2232 agitur,
713 2142 843 2228 Libycas
860 2158 984 2230 quoque
1004 2147 1102 2210 calcat
1109 2164 1241 2226 arenas,

385 2233 650 2338 llarnmonemque
667 2269 756 2316 tuens
770 2273 943 2338 serpentum
959 2272 1045 2317 senta
1055 2271 1205 2338 peragrat.

314 2441 315 2444 Ἴ
385 2350 461 2424 Dux
478 2376 509 2422 et
521 2359 560 2422 ab
577 2357 715 2458 'Emathia
734 2357 899 2440 Troianam
918 2371 1028 2422 vectus
1041 2359 1074 2420 in
1092 2359 1216 2438 urbem,

254 2461 258 2466 ’
306 2473 313 2488 ’
385 2465 416 2530 lt
431 2466 563 2544 Pharon,
581 2484 612 2529 et
625 2468 729 2550 generi
747 2467 906 2534 lacrimans
926 2471 976 2554 pia
987 2465 1137 2554 conspicit
1153 2485 1226 2556 orat.⁴

697 2643 802 2734 sta.¹
830 2642 869 2711 x.
974 2659 978 2674 ν’
1101 2631 1103 2638 ⁴

387 2772 566 2843 irrisurus
585 2773 696 2842 Decimo
715 2781 818 2844 victor
833 2797 888 2865 per
910 2779 1023 2866 templa
1039 2791 1186 2866 vagatus,
1215 2778 1227 2790 ”

386 2883 530 2948 Admittit
547 2879 681 2966 Regem,
698 2874 925 2968 cleopatraque
945 2884 1092 2969 supplicat
1108 2885 1177 2970 ipsi.

387 2985 448 3061 Pax
464 2986 517 3062 frt,
539 3004 571 3049 et
592 2985 742 3051 immenso
756 2987 909 3050 celebrant
922 2987 1067 3051 convivia
1086 2997 1199 3053 sumtu.

388 3092 594 3156 Ostentantut
610 3107 706 3176 opes,
729 3093 887 3157 consultus
904 3092 1067 3158 Achoreus
1083 3111 1186 3169 ottus,

388 3191 476 3272 Nile,
496 3212 568 3260 tuos
585 3199 704 3282 aperit,
728 3207 908 3282 cursusque.
930 3197 1074 3261 Pothinus
1092 3195 1241 3261 Achillan.

387 3299 561 3364 Ductorem
578 3301 609 3361 in
629 3291 872 3364 Latium'mittitt
893 3293 944 3386 qui
966 3318 1079 3386 pugnat
1094 3299 1133 3365 ab
1148 3302 1209 3366 alta

390 3395 540 3466 Obsessos
553 3425 621 3467 curn
640 3403 726 3494 Rege
748 3404 861 3481 domo,
881 3423 1039 3488 noctuque
1054 3425 1107 3490 pet
1124 3423 1239 3488 aequor
1301 3445 1311 3451 -

283 3528 287 3549 ¹
391 3509 495 3573 Classe
509 3509 629 3574 Pharon
645 3527 774 3586 vestus,
788 3526 926 3572 metuens
939 3528 971 3572 se
988 3503 1121 3575 immittit
1136 3509 1168 3574 in
1185 3509 1291 3577 undas.

745 3721 990 3748 m
