2790 4874
356 405 413 476 146
606 399 1046 464 PHARSALIAE
1145 401 1271 485 v.529.

352 541 509 608 Viventes
524 538 664 622 animae,
682 548 714 604 et
730 541 839 604 adhue
854 557 913 604 rua
928 539 1078 631 mentina
1092 548 1257 627 regentes,

351 652 476 716 Infodit
490 653 602 715 bmto:
619 650 697 716 fatie
709 649 905 712 debentibus
918 669 1024 712 annos

351 759 442 820 Mors
456 755 561 820 invita
575 756 678 818 subit:
698 772 850 839 perversa
865 755 983 818 funera
1000 771 1124 836 pompa

351 861 477 926 Retulit
492 881 511 920 a
530 857 682 925 tumulis:
696 842 813 947 fugere
828 861 987 923 cadavere
1002 861 1135 924 lectum.

350 967 526 1028 Fumantes
540 961 700 1030 iurenum
712 964 854 1044 eineres,
875 961 1091 1043 ardentiaque
1105 983 1180 1028 oste

350 1067 378 1130 E
393 1066 511 1130 mediis
523 1065 609 1149 rapit
620 1067 692 1150 ipsa
703 1067 810 1153 rogis,
826 1067 1015 1150 ipsamque,
1033 1077 1186 1148 parentes

350 1176 459 1258 Quam
481 1181 631 1252 tenuere,
646 1173 766 1236 iacun:
780 1171 942 1258 nigroque
956 1171 1103 1236 volentia
1120 1173 1214 1236 fumo

349 1279 472 1343 Feralis
485 1279 669 1364 fragmenta
685 1277 766 1360 tori,
782 1271 954 1360 'vestesque
968 1280 1106 1344 fluentes

350 1383 483 1470 Colligit
500 1382 538 1448 iu
552 1381 693 1462 cinerea,
713 1391 745 1444 et
759 1381 883 1444 olentes
896 1383 1048 1444 membra
1061 1381 1202 1448 favillae.

349 1492 407 1553 Ast
418 1487 658 1550 ubiservantur
672 1483 776 1564 saxis,
795 1483 915 1563 quibus
932 1484 1069 1552 intimus
1082 1486 1204 1548 humor
1309 1551 1311 1556 ,

276 1577 283 1603 i
348 1592 502 1672 Ducitur,
516 1600 549 1652 et
564 1598 667 1652 tracta
682 1590 859 1650 durescunt
877 1589 951 1649 tabe
967 1588 1136 1652 medullae
1248 1648 1253 1670 Ι

349 1699 516 1778 Corporn3
538 1704 616 1756 tune
631 1709 746 1756 ornnes
758 1691 856 1754 aride
872 1689 1016 1756 desaevit
1031 1691 1069 1754 in
1080 1701 1191 1774 artus,

347 1802 584 1888 immergitque
598 1820 715 1868 manue
733 1799 854 1864 oeulis:
872 1801 1061 1885 gaudetque·
1078 1801 1203 1886 geleloe

347 1903 505 1970 Effodisse
519 1909 631 1972 orbeet
651 1917 684 1970 et
695 1905 802 1970 eirene
815 1905 940 1988 pallida
953 1905 1041 1968 rodit

228 2061 230 2070 .
347 2012 562 2074 Excrementa
576 2023 713 2074 manus:
730 2012 902 2092 laqueum,
923 2013 1095 2092 nodosque
1117 2017 1271 2075 nocenter

349 2119 417 2182 Ore
432 2137 492 2180 suo
509 2116 651 2199 rumpit:
667 2117 846 2199 pendentia
864 2137 1004 2200 corpora
1016 2119 1156 2202 eerpeit,·
1243 2119 1297 2195 544

347 2221 542 2303 Abrasitque
562 2242 691 2286 eruere:
710 2240 930 2304 pereueeeque
946 2221 1071 2286 viscera
1085 2223 1206 2288 nimbis

347 2326 471 2408 Vulsit,
488 2336 520 2388 et
536 2325 681 2388 incoctas
698 2325 842 2388 admisso
861 2328 930 2390 sole
948 2332 1122 2394 medullae.

347 2430 509 2490 Insertum
522 2425 675 2490 manibus
687 2429 882 2509 chalybem,
896 2427 1092 2514 nigramque
1110 2443 1171 2515 per
1182 2442 1270 2496 artur

347 2531 507 2596 Stillantis
521 2530 589 2596 tabi
604 2530 748 2613 aniene,
772 2532 929 2613 virusque
947 2546 1099 2600 coactum

336 2634 499 2716 Sustulit,
515 2642 563 2715 et,
580 2654 684 2698 nervo
704 2654 831 2700 morsus
849 2635 1032 2721 retinente,
1054 2638 1223 2723 pependit
1296 2703 1299 2708 .

347 2744 387 2802 Et
397 2735 593 2822 quecunque
607 2740 693 2804 iacet
708 2743 836 2803 nudum
850 2744 970 2806 tellure
986 2747 1140 2828 cadaver,

346 2847 431 2907 Ante
443 2845 529 2908 feras
537 2845 752 2926 volucresque
762 2846 864 2910 sedet:
880 2865 941 2908 nec
951 2868 1085 2930 carpere
1096 2850 1245 2912 membre

346 2953 426 3015 Vult
442 2953 545 3032 ferro,
561 2952 869 3035 manibusquesuis,
887 2975 1078 3036 morsusque
1088 2957 1246 3039 luporum

347 3056 514 3136 Exspetat,
530 3055 623 3119 siccis
639 3069 774 3138 raptura
790 3080 808 3120 e
824 3058 972 3121 faucibus
987 3069 1085 3122 arms.

346 3163 413 3223 Nec
426 3167 550 3224 cessant
563 3165 694 3226 acarde
709 3183 825 3226 munus
833 3207 844 3244 ,
860 3164 891 3226 si
901 3164 1062 3250 sanguine
1077 3163 1158 3226 vivo

346 3269 402 3356 Est
416 3286 515 3348 opus,
529 3277 680 3348 erumpat
695 3266 812 3352 iugulo
826 3265 886 3347 qui
902 3265 1033 3350 primus·
1047 3278 1172 3350 aperto·

346 3373 413 3434 Nee
430 3370 550 3456 refugit
561 3349 818 3452 caedemuivuni
833 3369 860 3433 si
877 3389 968 3434 saera
984 3392 1157 3453 cruorem,

345 3475 491 3553 Extaque
505 3475 659 3538 funereae
670 3483 810 3556 poscunt
825 3473 1021 3556 trepidantia
1033 3494 1183 3538 mensae:

345 3579 491 3641 Vulnere
503 3577 549 3640 sic
564 3577 705 3659 ventris,
718 3585 883 3659 n0n‚'qua
895 3586 1013 3643 natura
1023 3580 1175 3659 vocabat,

346 3681 533 3746 Extrahitur
541 3694 672 3767 partite,
692 3683 808 3748 calidis
824 3684 998 3766 ponendus
1010 3683 1047 3744 in
1061 3680 1137 3744 eris»

344 3790 385 3852 Et
403 3787 530 3876 quoties
540 3791 646 3856 saevis
657 3811 740 3876 opus
754 3800 801 3856 est
813 3811 852 3854 ae
868 3789 1007 3854 fortibus
1022 3786 1173 3872 umbris‚.
