2788 4880
346 387 387 454 94
601 339 1041 434 runnstnrnn
1139 374 1262 458 uns
1362 423 1363 434 A

386 515 542 580 Nondum
556 523 630 598 post
645 512 774 599 genitos
785 515 900 610 Tellus
914 510 1011 578 effeta
1030 515 1202 602 gigantas,

345 621 543 690 Terribilem
557 619 690 702 Libycis
702 627 834 700 partum
849 619 1000 702 concepit
1013 618 1050 680 in
1063 619 1175 683 antris

345 725 413 786 Nec
429 732 495 784 tarn
510 722 594 784 insta
610 720 674 784 tuit
695 729 856 784 terrarum
874 722 987 806 gloria
998 722 1160 804 Typhon,

345 827 411 888 Aut
419 823 546 906 Tityos,
560 824 776 904 Briareusque
786 823 897 886 ferox:
907 825 1068 904 coeloque
1080 827 1245 916 pepercit,

344 937 445 1020 Quod
462 955 531 998 non
546 918 734 1018 Phlegraeis
750 931 913 994 Antaeum
928 931 1058 994 sustulit
1071 933 1168 996 arvis.

343 1043 418 1103 Hoc
434 1058 568 1121 quoque
587 1045 656 1098 tam
672 1045 779 1098 vastas
790 1034 972 1098 cumulavit
985 1057 1123 1100 munere
1139 1037 1228 1108 vires

278 1209 281 1214 Δ
344 1149 449 1208 Terra
463 1145 516 1209 sui
531 1143 630 1222 tetus,
645 1142 751 1224 quod,
767 1163 843 1206 cum
859 1141 995 1228 tetigere
1009 1154 1200 1228 parentem,
1244 1181 1249 1192 ·

342 1249 415 1310 lam
429 1247 555 1310 defecta
570 1244 698 1329 vigent,
712 1254 867 1306 revocato
882 1245 1018 1327 robore,
1031 1249 1193 1312 membra.

342 1357 434 1417 Haec
450 1353 501 1415 illi
516 1351 673 1434 spelunca
684 1351 821 1432 domus:
838 1348 970 1414 latuisse
988 1351 1133 1414 subalta

328 1460 440 1541 llupe
457 1457 583 1538 ferunt,
597 1458 710 1538 epulas
727 1465 838 1538 raptos
857 1455 1011 1522 habuisse
1025 1459 1150 1524 leones·

342 1564 395 1626 Ad
414 1581 548 1627 somnos
558 1580 627 1624 uon
642 1571 734 1648 terga
752 1561 841 1626 serae
856 1563 1017 1646 praehere
1035 1565 1145 1628 cubile

343 1669 548 1748 Adsuerunt,
563 1685 630 1729 non
642 1665 726 1730 silva
743 1674 871 1729 torum:
887 1665 1040 1748 viresque
1051 1668 1190 1732 resumit

342 1772 383 1835 In
403 1773 493 1834 nuda
510 1773 626 1836 tellure
644 1769 906 1846 iacensferiere
927 1773 1039 1836 coloni

342 1875 510 1950 Arvorum
520 1873 660 1958 Libyes:
673 1886 826 1958 pereunt,
840 1897 923 1957 quos
932 1876 1060 1960 adpulit
1073 1895 1208 1959 aequm

341 1978 540 2062 Auxilioque
554 1980 612 2042 diu
626 1980 730 2044 virtus
747 2001 816 2044 non
829 2002 888 2046 usa
904 1983 1059 2067 cadendi,
1074 2030 1076 2040 t

341 2085 464 2150 Terrae
479 2085 604 2172 spernit
618 2105 713 2168 opes:
727 2085 869 2150 invictus
887 2091 1006 2152 robore
1019 2089 1163 2172 eunetis,
1238 2087 1286 2152 608

343 2193 505 2278 Quamvis
519 2202 631 2274 staret,
643 2203 723 2256 erat.
743 2193 891 2256 Tandem
909 2194 1043 2280 vulgata
1057 2191 1187 2256 cruenti

342 2298 442 2358 Fama
460 2296 560 2378 mali,
575 2307 675 2384 terras
689 2297 843 2363 monstris
856 2316 1045 2378 aequorque
1057 2299 1235 2380 levantem,

342 2405 593 2492 Magnanimum
605 2403 743 2466 Alciden
761 2404 904 2487 Libycas
917 2405 1037 2468 excivit
1049 2406 1086 2468 in
1098 2423 1183 2472 oras.

293 2573 297 2579 ,
341 2511 404 2574 Ille
420 2508 576 2574 Cleonaei
593 2507 733 2594 proiecit
750 2504 847 2594 terga
857 2509 978 2590 leonis,

341 2617 484 2677 Antaeus
499 2611 629 2696 Libyci.
645 2613 793 2694 Perfudit
810 2615 960 2676 membra
974 2613 1104 2694 liquore

340 2719 484 2800 Hospes,
499 2715 716 2798 Olympiacae
732 2726 860 2800 servato
878 2735 971 2783 more
983 2717 1175 2798 palaestrae.

340 2819 402 2882 Ille
415 2839 534 2903 parurn
547 2815 653 2880 fidens
663 2816 802 2900 pedibus
815 2819 1006 2906 contingere
1024 2831 1180 2906 matrem,

341 2926 511 2990 Auxilium
524 2925 684 2990 membris
699 2925 821 2991 calidas
842 2926 989 2990 infundit
1005 2947 1130 2992 arenas.

343 3033 544 3094 Conseruere
557 3051 688 3112 manus,
704 3040 736 3092 et
748 3032 854 3094 multo
870 3031 1007 3096 brachia
1024 3053 1125 3118 uersu.¹

315 3149 319 3158 ’
343 3137 436 3198 Colla
452 3135 510 3198 diu
525 3134 682 3221 grauibus
696 3135 816 3199 frustra
834 3145 956 3200 tentata
972 3137 1118 3220 lacertis,

341 3240 586 3318 Immotumque
600 3248 698 3322 caput
710 3236 776 3304 fixa
793 3259 869 3302 cum
886 3240 996 3304 fronte
1012 3246 1176 3304 tenentur.
1284 3255 1292 3265 ¹

341 3342 571 3424 Miranturque
586 3326 739 3406 habuisse
750 3362 875 3424 parem.
893 3346 960 3408 Nec
974 3343 1098 3408 viribus
1110 3343 1160 3407 uti

341 3436 472 3511 Alcides
480 3447 592 3556 primo
605 3445 711 3510 voluit
725 3447 904 3510 certamine
918 3449 1009 3528 totis;

342 3555 562 3637 Exhausitque
577 3556 704 3620 virum:
716 3557 807 3638 quod
823 3558 939 3620 creber
952 3557 1116 3624 anhelitus
1128 3557 1178 3622 illi

341 3660 505 3742 Prodidit,
521 3670 553 3722 et
567 3661 650 3726 sesso
665 3661 793 3751 gelidus
813 3664 855 3726 de
872 3681 1010 3746 corpore
1026 3665 1138 3728 sudor.

340 3769 436 3832 Tunc
451 3765 562 3854 cervia
584 3766 702 3834 lassata
714 3766 806 3848 quati
820 3789 828 3831 :
840 3777 916 3832 tunc
927 3781 1059 3854 pectore
1071 3780 1186 3856 pectus
