2788 4880
16 326 20 361 ⁵
338 379 545 442 arasa
585 377 655 443 1v
695 387 804 461 aaa
1012 390 1050 463 77

15 527 17 604 ,
95 525 165 588 Fata
182 521 273 586 dedit
287 522 388 586 variis
406 523 552 586 incertus
566 519 714 585 motibus
731 525 798 584 aer.

15 635 16 720 J
95 630 316 718 Pigrobruma
328 629 424 712 gelu
435 625 595 708 siccisque
608 625 831 707 Aquilonibus
845 625 1000 710 haerens,

15 735 16 800 l
96 733 222 794 Aethere
236 729 413 793 constricto
429 726 585 810 pluvias
574 749 611 790 ιιι
624 729 715 792 nube
728 731 871 792 tenebat.

15 819 17 872 ἶ
96 836 231 899 Urebant
249 825 409 897 montana
425 832 532 914 nives,
553 851 754 916 camposque
766 832 911 900 iacentes

96 945 161 1004 Non
178 943 355 1010 duraturae
376 949 552 1021 conspecto
563 939 641 1002 sole
655 937 816 1021 pruinae:

14 1093 15 1100 ι
96 1051 190 1130 Atque
204 1049 314 1112 omnis
329 1047 468 1131 propior
487 1045 652 1131 mergenti
670 1045 780 1109 sidera
794 1049 890 1110 coelo

97 1163 223 1222 Aruerat
243 1159 356 1239 tellus,
377 1155 518 1218 hiberno
534 1155 618 1216 dura
636 1173 763 1218 sereno.

98 1268 153 1330 Sed
169 1275 342 1349 postquam
356 1281 478 1327 vernus
497 1259 643 1324 calidum
663 1261 785 1324 Titana
803 1260 942 1344 recepit,

97 1373 199 1446 Sidera
217 1370 396 1453 respiciens
411 1370 564 1451 delapsae
581 1368 726 1452 portitor
745 1369 875 1451 Helles,

97 1479 193 1556 Atque
206 1477 328 1538 iterum
347 1472 494 1555 aequatis
514 1475 557 1536 ad
574 1473 680 1539 iustae
697 1477 846 1558 p'ondera
862 1473 984 1538 Librae

97 1581 305 1666 Temporibus
320 1579 429 1644 vicere
444 1579 532 1644 dies:
547 1588 641 1662 tunc,
656 1581 726 1644 sole
742 1580 871 1664 relicto,

98 1688 230 1770 Cynthia
250 1707 317 1768 quo
338 1685 485 1769 primurn
499 1705 603 1749 cornu
619 1685 804 1748 dubitanda
821 1685 969 1770 refulsit,

96 1795 230 1862 Exclusit
245 1801 387 1876 Borean,
406 1796 621 1875 flammasque
638 1792 767 1874 accepit
784 1795 827 1855 ab
845 1795 945 1858 Euro.

96 1901 151 1962 Ille
167 1919 225 1963 suo
241 1901 346 1962 nubes
364 1919 579 2002 quascunque
594 1897 724 1961 invenit
738 1895 775 1958 in
796 1915 872 1979 axe,

95 2003 228 2068 Torsit
218 2027 255 2067 ιιι
272 2003 450 2068 occiduum
465 2004 644 2068 Nabataeis
661 2001 792 2064 flatibus
811 2003 945 2086 orbem,

95 2109 131 2170 Et
148 2127 225 2188 quas
238 2107 336 2172 sentit
348 2110 471 2190 Arabs,
489 2118 522 2172 et
539 2127 620 2189 quas
634 2105 817 2194 Gangetica
834 2107 932 2172 tellus
1012 2111 1053 2187 64

95 2215 225 2276 Exhalat
242 2183 394 2293 nebulas,
406 2211 571 2293 quidquid
589 2231 799 2278 concrescere
815 2211 985 2295 primus

96 2314 146 2376 Sol
159 2312 298 2396 patitur,
315 2311 480 2394 quidquid
495 2312 581 2376 coeli
595 2314 740 2376 fuscator
753 2311 816 2376 Eoi

95 2417 267 2500 impulerat
283 2419 400 2498 (lorus,
415 2416 580 2498 quidquid
595 2417 787 2480 defenderat
801 2417 920 2481 Indos:

84 2526 268 2592 ‘Incendere
282 2525 371 2588 diem
390 2526 497 2592 nubes
513 2522 642 2585 oriente
658 2531 824 2604 remotae,

95 2636 156 2698 Nec
170 2633 282 2697 medio
302 2641 441 2715 potuere
457 2649 574 2715 graves
591 2629 785 2693 incumbere
803 2631 950 2716 mundo,

12 2771 15 2780 ·
95 2741 152 2804 Sed
166 2741 296 2803 nimbos
310 2759 450 2820 rapuere
463 2737 554 2824 iuga.
564 2740 674 2819 ,Vacat
688 2738 853 2803 imbribus
866 2743 983 2806 Arctos

96 2847 131 2908 Et
147 2849 270 2910 Notus:
284 2844 321 2906 in
334 2845 446 2919 solam
458 2845 584 2925 Calpen
601 2845 674 2906 tluit
691 2845 849 2909 humidus
863 2853 929 2910 aer.

95 2951 153 3014 Hic
167 2949 226 3012 uhi
239 2949 307 3012 iam
323 2946 468 3030 Zephyri
483 2944 585 3028 fines,
599 2957 631 3008 ct
643 2965 792 3009 summus
807 2949 948 3032 Olympi

95 3058 198 3118 Cardo
216 3063 304 3118 tenet
315 3055 460 3135 Tethyn,
474 3051 596 3114 vetitae
609 3061 830 3115 transcurrere
842 3055 961 3135 densos
1074 3101 1075 3104 ,

94 3160 263 3224 Involvere
275 3159 406 3245 globos,
423 3166 681 3243 congestumque
700 3155 784 3219 a‘eris
798 3157 863 3230 atri
884 3243 886 3248 Ι

94 3267 155 3330 Vix
170 3265 288 3348 recipit
299 3263 459 3348 spatium,
476 3266 567 3345 quod
580 3273 709 3346 separat
726 3265 857 3328 aethere
869 3272 1001 3326 terram.

94 3373 226 3454 lamque
239 3373 318 3455 polo
335 3390 465 3454 pressae
481 3372 592 3457 largos
604 3371 785 3432 densantur
800 3369 837 3431 in
854 3369 997 3452 imbres,
1115 3377 1120 3391 '

12 3503 13 3518 ¹
94 3480 316 3562 Spissataeque
326 3479 452 3542 fluunt:
468 3498 530 3540 nee
542 3487 675 3540 servant
689 3475 831 3538 fulmina
845 3477 1010 3558 flammas,

93 3585 250 3672 Quamvis
267 3585 381 3648 crebra
395 3581 537 3645 micent:
552 3581 730 3666 exstinguit
747 3581 882 3669 fulgura
892 3583 1038 3649 nimbus

92 3695 176 3759 Hine
192 3693 385 3778 imperfecto
405 3686 633 3772 complectitur
648 3681 732 3750 a‘era'
740 3707 827 3773 gyro

93 3803 209 3883 Arcus,
223 3799 281 3865 vix
294 3791 364 3861 ulla
377 3793 523 3859 variatus
538 3793 613 3856 luce
631 3793 800 3876 colorem,
