2788 4880
363 397 403 464 μ
537 355 540 365 “
625 336 1103 454 ιἰιιιιειιιιιχ
1156 394 1280 480 usq.

361 523 493 610 Detegit
503 531 576 588 orta
589 522 658 590 (lies
679 533 800 590 stantes
818 526 855 590 in
871 527 1008 612 rupibus
1025 531 1171 615 Histros,

360 633 596 716 Pugnacesque
614 629 699 696 tueri
715 629 816 694 Graia
831 651 908 694 cum
924 633 1025 696 classe
1037 631 1211 700 liburnos·

401 735 585 798 Tentavere
594 732 687 816 prius
696 753 854 817 suspenso
871 732 1004 798 vincere
1016 737 1106 800 hello
1219 781 1222 789 ·
1381 757 1382 804 t

360 836 576 919 rossanus,
593 835 686 903 fieret
698 838 800 921 captis
814 837 843 902 si
855 837 988 904 dulcior
1004 838 1077 922 ipsa
1168 882 1170 888 ,

358 939 476 1003 Mortis
491 939 560 1002 vita
575 959 679 1004 mora.
697 941 809 1007 Stabat
825 941 943 1004 devota
962 941 1136 1024 iuuentus,

358 1047 524 1110 Damnata
539 1047 608 1115 iam
625 1050 699 1114 luce
714 1049 822 1132 ferox,
840 1068 1166 1137 securaquupuguee

358 1154 524 1219 Promisso
537 1154 602 1220 sibi
619 1153 686 1220 fine
704 1177 824 1222 manu:
838 1157 995 1239 nullique
1010 1162 1174 1232 tumultus.

328 1253 331 1260 ⁴
358 1253 536 1320 Excussere
551 1255 631 1322 viris
648 1268 774 1322 mentes
791 1262 835 1323 ad
852 1279 983 1336 summa
997 1274 1150 1346 ¹quartarios:
1219 1287 1223 1299 ’

358 1360 619 1443 Innumerasque
634 1363 733 1428 simul
751 1364 851 1448 pauci
867 1377 1019 1449 terraque
1035 1370 1186 1452 marique

250 1537 252 1544 s
357 1468 548 1534 Sustinuere
565 1492 703 1549 menus3
717 1481 807 1536 tanta
825 1481 874 1537 est
885 1473 1008 1546 fiducia
1020 1480 1145 1544 mortis·

358 1571 469 1651 thue
482 1571 558 1636 satis
566 1575 661 1636 hello
675 1574 783 1640 visum
801 1587 848 1642 est
865 1579 996 1647 fluxisse
1014 1581 1158 1666 cruoris,

358 1676 480 1740 Versus
494 1673 536 1742 ab
553 1681 646 1746 hoste
661 1682 770 1746 furor:
787 1685 914 1768 primus
929 1688 999 1752 dux
1013 1687 1085 1773 ipse
1106 1691 1241 1756 carinae

239 1825 244 1840 ι
358 1780 510 1854 Vulteius
526 1780 643 1868 iugulo
655 1805 794 1867 poscens
809 1787 877 1852 iarn
895 1789 1116 1876 reuertente,

357 1885 398 1948 Et
411 1885 577 1970 quis,hit,
591 1889 742 1975 iuv'enes,
756 1895 850 1960 cuius
863 1895 906 1960 sit
923 1899 1042 1962 deutra
1058 1921 1175 1965 cruore

356 1987 470 2074 Digna
487 1971 566 2054 ¹meo
572 2003 752 2075 ce,rtaque
765 1996 830 2073 fida
846 2003 1061 2082 pervaluere
1074 2015 1186 2070 nosue
1381 2071 1382 2080 ,

312 2100 314 2105 ’
355 2095 512 2158 Testetur.
520 2118 555 2160 sc
574 2101 660 2164 velle
678 2103 787 2168 muri?
804 2108 871 2169 Nec
883 2109 983 2192 plura
996 2110 1108 2179 locutu
1236 2189 1239 2196 ,
1257 2109 1309 2192 541
1381 2135 1382 2170 l

356 2197 493 2261 Viscera
512 2221 580 2270 uon
598 2225 685 2268 uuus
700 2205 897 2274 iamdudum
911 2215 1062 2301 transigit
1079 2217 1177 2280 ensis.

357 2300 532 2364 Collaudat
548 2315 700 2370 cunctos:
712 2311 771 2370 sed
782 2331 876 2393 eunt
889 2314 944 2378 cui
960 2318 1104 2380 uulnera
1102 2319 1223 2402 prime

355 2403 524 2488 Debebat,
543 2419 638 2493 grato
652 2411 798 2479 moriens
810 2414 993 2484 interficit'
981 2429 1064 2486 retu

356 2510 568 2576 Concurrunt
580 2515 654 2598 alii,
669 2521 893 2600 totumque·in
906 2526 1055 2606 potibus
1069 2526 1146 2594 unis

355 2614 523 2678 Bellorum
538 2617 763 2688 tecere'netas
778 2623 832 2690 Sic
841 2625 973 2708 semine
984 2627 1107 2698 Cadmi

353 2718 499 2784 Emicuit
513 2722 653 2792 Dircaea
666 2731 805 2812 cohors,
826 2733 1010 2815 ceciditque
1023 2757 1161 2804 suorum
1184 2753 1187 2760 ’

355 2827 559 2894 Vulneribus
575 2813 686 2900 dirum
698 2836 865 2902 Thebanis
883 2839 1039 2908 iratribus
1049 2863 1163 2910 omen.

354 2931 513 2996 Phasidos
534 2943 566 2997 et
580 2936 705 3020 campis
722 2938 870 3006 insomni
885 2945 982 3008 dente
996 2946 1099 3012 creati
1222 2997 1226 3000 -

355 3031 571 3118 Terrigenae,
586 3039 686 3106 missa
701 3043 839 3128 magieis
857 3068 875 3110 e
894 3049 1067 3114 cautibus
1056 3073 1124 3136 rra,

356 3133 505 3218 Cognato
521 3147 625 3206 tantos
642 3141 824 3225 implerunt
839 3148 1013 3233 sauguine
1011 3154 1143 3218 sulcos·
1381 3205 1382 3246 3

354 3234 537 3321 Ipsaque,
527 3246 706 3328 inexpertis
722 3251 813 3329 quod
832 3251 978 3334 primum
995 3255 1117 3326 fecerat
1130 3261 1262 3345 herbis,
1381 3257 1382 3330 l

355 3343 495 3426 Expavit
510 3351 627 3415 Medea
639 3355 741 3422 nefas
756 3357 809 3422 Sic
822 3371 938 3444 mutua
950 3363 1040 3445 pacti
1381 3447 1382 3462 ,

354 3451 590 3522 Fatacaduut
580 3482 730 3526 iuvenes.
721 3464 1317 3550 ‚minimumqueinmortevirorum
1381 3469 1382 3544 ι

355 3541 582 3626 Morsvirtutis
590 3565 705 3630 hebet:
721 3567 846 3650 pariter
857 3581 1089 3663 sternuntque,
1103 3584 1290 3666 caduntque
1381 3615 1382 3634 ¹

355 3664 502 3730 Vulnere
514 3669 619 3735 letali:
611 3695 693 3738 ·nec
703 3698 905 3762 quemquam
917 3686 1033 3749 dextra
1048 3689 1180 3774 fefellit,

357 3773 441 3836 Cum
450 3775 546 3840 ferrat
559 3781 721 3850 moriente
729 3807 843 3854 manu
858 3794 924 3856 Nec
937 3796 1057 3862 vulnus
1075 3799 1200 3868 adactis
