2824 4880
221 447 223 452 .
272 346 275 354 ’
324 385 529 463 utura
569 387 697 453 v111.
752 389 877 452 aeas.
1017 391 1075 458 20⁵

101 533 169 594 Aut
179 529 336 610 laqueum
348 529 437 592 collo
453 536 620 610 tortosque
634 537 749 613 aptare
765 529 938 610 rudentes3

101 639 170 700 Aut
186 633 308 716 aliquis
321 636 446 720 Magno
462 629 584 719 dignus
598 652 708 698 comes
721 633 831 720 exigat
846 657 970 700 ensem.

99 735 265 821 Pompeio
281 747 449 820 praestare
464 746 588 818 potest,
602 739 694 818 quod
710 740 858 804 Caesaris
876 742 979 809 armis

98 846 259 928 Imputat.
276 845 306 906 O
316 840 419 922 saevi,
436 850 672 923 properantem
686 841 724 904 in
740 843 807 906 fata
820 845 960 912 tenetis?

100 951 200 1015 Vivis
213 951 338 1030 adhue,
352 943 488 1026 coniux,
505 954 538 1006 et
548 943 616 1006 ianr
628 945 784 1009 Cornelia
792 965 861 1009 non
872 957 920 1010 est

98 1036 206 1136 Iuris,
217 1057 355 1140 Magne,
366 1051 428 1114 sui.
443 1049 625 1112 Prohibent
642 1070 803 1116 arcessere
816 1065 977 1120 mortem:

98 1163 225 1226 Servor
236 1161 366 1225 victori.
387 1155 440 1222 Sic
452 1158 538 1240 iata,
554 1157 707 1239 interque
720 1179 858 1224 suorum

99 1269 213 1352 Lapsa
222 1288 354 1351 manus,
373 1265 517 1351 rapitur,
535 1265 665 1348 trepida
678 1266 827 1353 fugiente
845 1269 969 1352 carina.
1009 1326 1011 1332 .

141 1375 188 1436 At
200 1373 315 1460 Magni
328 1395 405 1436 cum
423 1383 515 1458 terga
523 1383 689 1464 sonent-et
703 1383 837 1456 pectora
851 1375 956 1461 ferro,
1060 1383 1066 1396 '

99 1479 325 1542 Permansisse
338 1478 436 1541 decus
449 1496 561 1540 sacrae
575 1478 767 1541 venerabile
786 1481 930 1568 formae,

99 1585 294 1664 Iratamque
309 1581 388 1645 Deis
402 1580 537 1663 faciem,
557 1581 643 1646 nihil
653 1583 771 1646 ultima
787 1585 904 1650 mortis

99 1693 151 1752 Er
165 1690 283 1753 hahitu
296 1691 457 1770 vultuque
472 1688 537 1750 viri
555 1697 713 1770 mutasse,
731 1689 877 1752 fatentur

100 1797 172 1882 Qui
182 1799 330 1861 lacerum
338 1796 453 1859 videre
465 1807 574 1880 caput.
588 1799 672 1856 Nam
684 1813 801 1860 saevus
811 1795 848 1858 in
861 1795 934 1881 ipso

98 1902 281 1985 Septimius
294 1901 426 1965 sceleris
439 1901 547 1963 maius
567 1883 673 1964 scelus
687 1898 817 1962 invenit
831 1913 928 1986 actu,

98 2011 150 2073 Ae
160 2007 278 2096 retegit
292 2027 417 2090 saeros,
432 2007 530 2072 scisso
549 2005 733 2087 velamine,
752 2005 864 2070 vultus

97 2109 311 2175 Semianimis
324 2110 454 2196 Magni,
470 2107 698 2193 spirantiaque
715 2117 856 2191 occupat
871 2127 947 2195 ora,
1010 2118 1069 2197 670
1163 2170 1165 2174 ,

99 2217 264 2298 Collaque
279 2216 317 2279 in
334 2215 471 2296 obliquo
486 2213 582 2297 ponit
601 2213 795 2299 languentia
813 2224 967 2280 transtro

98 2329 197 2391 Tunc
206 2346 325 2389 nervos
334 2345 501 2405 venasque
513 2330 616 2404 secat,
630 2325 822 2404 nodosaque
836 2323 960 2413 frangit

101 2431 185 2494 ossa
200 2428 278 2490 diu:
292 2429 444 2490 nondum
457 2425 535 2489 artis
546 2435 616 2488 erat
630 2435 731 2508 eaput
745 2445 823 2489 ense
831 2431 955 2491 rotare.

99 2537 142 2594 At
155 2543 333 2616 postquam
352 2541 469 2593 trunco
483 2528 595 2623 cervia
611 2529 736 2592 abscisa
751 2531 901 2612 recessit,

13 2705 25 2730 κ
99 2639 258 2705 Vindicat
273 2643 338 2703 hoc
354 2639 494 2702 Pharius
512 2639 627 2701 dextra
641 2647 768 2724 gestare
781 2641 920 2705 satelles.

98 2747 271 2833 Degener,
286 2757 385 2829 atque
404 2734 526 2830 operae
539 2745 635 2808 miles
649 2748 801 2811 Romane
809 2753 989 2837 secundae,

99 2854 261 2938 Pompeio
275 2875 406 2918 sacrum
421 2854 496 2917 diro
513 2863 612 2935 caput
623 2873 700 2916 ense
711 2853 846 2936 recidis,

100 2965 146 3025 Ut
163 2981 234 3024 non
244 2960 314 3045 ipse
327 2963 434 3025 feras?
447 2981 469 3024 o
483 2958 605 3027 summi
620 2957 687 3021 lata
701 2961 859 3042 pudoris!

97 3071 228 3156 Impius
243 3082 280 3134 ut
296 3074 456 3159 Magnum
468 3077 577 3131 nosset
590 3087 687 3151 puer,
705 3066 764 3130 illa
776 3071 922 3133 verenda

99 3176 249 3264 Regibus
258 3169 345 3238 hirt'a
356 3172 469 3258 coma,
482 3183 514 3237 et
527 3191 687 3260 generosa
702 3173 812 3235 fronte
826 3175 947 3238 decora

100 3282 268 3348 Caesaries
280 3301 465 3366 compressa
474 3301 576 3343 manu
589 3289 656 3343 est:
672 3281 860 3362 Pharioque
876 3293 1014 3372 veruto,
1041 3319 1051 3346 t

99 3389 193 3449 Dum
205 3386 323 3448 vivunt
334 3387 443 3448 vultus
453 3433 462 3467 ,
472 3397 572 3466 atque
581 3405 617 3448 os
626 3385 662 3448 in
675 3407 848 3447 murmura
861 3389 995 3470 pulsant

101 3491 272 3576 Singultus
285 3491 431 3573 animae,
446 3493 526 3553 durd
543 3491 673 3553 lumina
686 3493 777 3553 nuda
790 3492 973 3580 rigescunt,

101 3591 264 3658 Suffixum
283 3606 381 3678 caput
395 3607 457 3677 est,
472 3616 539 3676 quo
552 3617 725 3676 nunquam
735 3598 824 3659 bella
837 3598 973 3664 iubente

99 3703 169 3764 Pax
179 3701 242 3763 fuit
252 3723 260 3763 ε
270 3703 334 3778 hoc
343 3705 448 3789 leges,
459 3707 693 3785 campumque,
706 3713 738 3765 et
747 3714 853 3777 rostra
862 3711 1032 3774 movebat:

50 3803 53 3814 “
99 3807 174 3871 Hac
184 3805 270 3871 faeie
279 3809 424 3890 Fortuna
439 3806 500 3871 tihi
512 3809 664 3872 Romana
673 3811 835 3893 placebas·
