2790 4874
297 440 500 506 LIBER
539 439 580 517 V.
619 443 743 522 ΗΜ.
940 451 1000 512 113

50 579 187 654 Cernetis
197 591 339 667 nostros,
353 583 420 668 iam
430 586 522 668 plebs
543 585 709 668 Romana,
724 584 916 672 triumphos.

51 696 187 760 Caesaris
202 713 245 757 an
256 711 369 759 cursus
387 703 511 758 vestrae
526 692 648 757 sentire
663 693 786 777 putatis

52 805 208 866 Damnum
224 819 318 888 posse
329 801 449 887 fugae?
463 799 567 862 veluti
584 799 613 864 si
629 809 746 864 cuncta
762 800 929 868 minentur

52 907 212 989 Flumina,
224 925 307 988 quos
320 901 456 970 niiseeut
470 907 607 992 pelago,
625 907 808 971 subducere
823 909 948 994 fontes,

54 1015 117 1078 Non
134 1011 239 1100 magis
255 1011 372 1076 ablatis
387 1030 536 1092 unquam
557 1012 756 1075 decresceret
768 1031 909 1096 aequor,

55 1116 259 1201 Quamnuuc
272 1114 404 1197 crescit,
426 1111 530 1194 aquis.
552 1115 603 1174 An
616 1132 675 1177 vos
684 1127 852 1178 momente
861 1117 981 1200 putatis

55 1220 120 1282 Ulla
136 1215 265 1284 dedisse
284 1217 386 1281 mihi?
403 1236 576 1308 nunquam
592 1215 640 1280 sio
661 1239 741 1280 eura
758 1221 906 1282 Deorum

56 1321 240 1410 depremit,
254 1331 429 1408 utrestrae
450 1319 566 1402 morti,
589 1331 781 1402 vestraeque
800 1323 899 1385 saluti
951 1351 954 1358 ¹

57 1428 123 1490 Fata
136 1437 265 1492 recent.
274 1429 452 1490 Procerum
463 1435 571 1489 motus
587 1427 668 1488 haee
680 1433 998 1509 cunctasequuntur.

57 1531 236 1594 Humanum
245 1529 361 1613 paucis
376 1529 457 1591 vivit
472 1547 586 1615 genus.
606 1528 706 1592 Orbis
719 1529 835 1593 Hiberi

58 1633 218 1696 Horroret
230 1631 356 1714 Arctoi,
376 1641 488 1694 nostro
508 1633 571 1697 sub
588 1631 724 1696 nornine
744 1634 855 1716 miter,
932 1647 935 1654 ·

59 1720 202 1824 Pompeio
214 1747 302 1803 certe
319 1737 450 1824 sugeres
468 1739 561 1820 dupe.
577 1737 682 1800 Fortis
699 1736 735 1800 in
752 1739 853 1803 armis

61 1845 212 1910 Caesareis
228 1843 392 1908 Labienus
408 1851 492 1906 erat:
516 1859 606 1906 nunc
622 1828 794 1929 transfuga
807 1841 882 1909 vilis

61 1950 132 2012 Cum
143 1951 228 2012 duce
241 1949 387 2031 praelato
404 1957 504 2008 remes
519 1955 618 2026 atque
632 1963 776 2026 aequora
790 1949 917 2014 lustrat·

26 2072 41 2105 ν
62 2051 117 2116 Nec
125 2052 242 2116 melior
251 2050 335 2114 mibi
346 2061 453 2114 vestra
461 2048 560 2131 fides,
579 2049 607 2113 si
617 2051 705 2112 bella
716 2071 777 2112 nec
792 2053 899 2134 hoste,

62 2155 116 2218 Nee
123 2157 205 2219 duce
212 2177 277 2237 me,
285 2135 407 2240 'geritis
418 2151 574 2240 Quisquis
581 2171 655 2214 mea
663 2152 758 2238 signa
766 2153 1000 2241 relinquit,34p

63 2259 118 2322 Nec
132 2259 340 2342 Pompeianis
356 2257 530 2320 traditona
547 2257 697 2339 partibus
713 2275 823 2340 arma,

64 2361 116 2429 Hie
128 2383 298 2446 uunquam
311 2365 459 2426 vultesse
472 2383 575 2426 meus.
594 2365 677 2426 Sunt
688 2363 750 2428 ista
766 2365 915 2448 proiecto

66 2469 155 2538 Curae
171 2481 274 2534 castra
286 2469 377 2552 Deis,
398 2468 457 2550 qui
474 2486 528 2530 me
545 2469 750 2533 committere
767 2471 881 2553 tantis,

66 2573 126 2636 iton
137 2575 198 2639 nisi
211 2584 337 2638 mutato
355 2575 532 2635 voluerunt
547 2573 671 2654 milite,
685 2573 793 2638 bellis.

66 2681 142 2762 Heu,
158 2691 319 2764 qnantum
332 2677 632 2744 Fortunn'bumeris
646 2680 714 2744 iem
723 2678 871 2763 pondere
880 2678 971 2752 tusis
1001 2687 1007 2696 '

66 2787 213 2852 Amolitur
227 2791 330 2851 onust
349 2785 646 2870 sperantcs‘omnia
660 2788 788 2850 cernas

66 2889 225 2956 Exarmare
239 2893 350 2972 datur,
366 2889 486 2970 quibus
500 2889 636 2953 hicnon
649 2887 768 2952 suffieit
781 2891 880 2957 orbis.

66 2995 126 3062 Iam
137 3011 220 3066 certe
232 2998 316 3061 mihi
325 2999 413 3061 belle
424 3015 560 3082 geram:
572 2995 729 3066 discedite
744 2996 874 3082 castris,

67 3103 183 3172 Tradite
193 3117 306 3170 nostra
315 3103 408 3184 viris,
422 3102 551 3189 ignavi,
565 3103 677 3189 signo,
696 3103 848 3188 Quirites.

68 3207 101 3267 tt
114 3227 247 3291 paucos,
264 3203 383 3289 quibus
397 3209 479 3268 haec
489 3205 596 3270 rabies
608 3207 796 3300 auctoribus
808 3207 903 3294 amit,

68 3310 270 3396 Neocaesar,
287 3315 346 3378 sed
358 3331 465 3395 poena
478 3322 575 3375 tenet.
589 3291 797 3376 Procumbite
812 3324 938 3400 terrae,

25 3437 27 3444 >
67 3408 384 3497 Infidumquecaput,
403 3411 616 3495 feriendaque
629 3413 753 3478 tendite
767 3417 862 3478 eolla.

27 3599 28 3606 ἵ
69 3517 101 3579 Et
114 3529 159 3602 tu,
177 3540 246 3602 quo
259 3522 329 3585 eolo
340 3521 498 3585 stabunt'
488 3537 555 3584 ram
568 3523 687 3584 robore
703 3531 828 3604 castra,

27 3637 28 3642 ’
28 3624 135 3710 Tiro
148 3623 237 3692 rudis
244 3637 379 3710 ,specta
397 3645 534 3710 poena,
551 3637 583 3691 et
599 3627 689 3692 disce
703 3629 833 3714 ferire,

29 3769 32 3832 t
70 3726 153 3794 Disce
165 3732 259 3796 mori.
274 3732 424 3796 Tremuit
438 3748 535 3796 saeva
554 3735 616 3796 sub
633 3753 714 3797 voce
726 3733 884 3802 minantis

70 3833 207 3923 Vulgus·
196 3857 299 3904 iners:
307 3853 476 3920 unumque
485 3849 595 3925 ceput,
609 3848 674 3905 tom
687 3857 808 3927 magna
821 3841 980 3915 inventus

124 3940 246 4002 luems.'
412 3989 415 3996 ,
697 3935 728 4004 Β.
