2790 4874
405 423 465 486 114
657 405 1097 501 runnslurns
1179 395 1309 476 'atu

401 545 570 622 Privatum
583 549 708 614 factura
725 547 833 614 timet:
854 551 945 616 velut
966 552 1098 618 ensibus
1114 553 1196 636 ipsis
1273 553 1276 558 “

399 659 560 741 Imperet,
580 653 685 717 invito
700 664 849 720 moturus
862 655 968 718 milite
982 657 1129 720 ferrum.'
1155 711 1158 716 .
1253 709 1257 724 .

398 761 473 844 lpse
493 769 605 844 pavet,
622 780 665 822 ne
679 761 744 822 tela
757 759 822 824 sibi
835 763 1033 842 dextraeque
1046 773 1209 850 negentur

397 870 450 933 Ad
467 867 572 930 scelus
587 867 652 928 hoc
668 868 803 928 Caesar:
823 864 901 928 vicit
915 865 1074 948 patientia
1090 867 1181 944 saevi

396 972 496 1054 Spem
509 967 617 1049 ducis,
638 977 671 1030 et
682 967 827 1054 iugulos,
846 960 915 1031 non
931 978 1059 1032 tautum
1074 971 1235 1054 praestitit
1248 995 1333 1042 enses

396 1077 451 1140 Nil
463 1071 583 1162 magis,
596 1075 744 1138 adsuetas
755 1073 870 1138 sceleri
882 1092 982 1154 quam
991 1077 1129 1158 perdere
1140 1089 1277 1164 mentes,

395 1187 502 1264 Atque
512 1180 620 1266 perire
633 1177 735 1243 timet.
750 1181 834 1242 ‘lam
850 1178 923 1240 diro
937 1178 1078 1252 foederis
1091 1179 1160 1244 ictu
1245 1214 1248 1226 ·

393 1289 492 1355 Parta
505 1285 613 1367 quies,
630 1303 802 1368 poenaque
819 1283 906 1346 redit
924 1281 1053 1366 placata
1065 1283 1229 1350 iuventus.
1390 1326 1391 1393 l

433 1389 655 1456 Brundusium
670 1385 805 1452 decimis
819 1389 912 1452 iubet
923 1392 1012 1454 hanc
1027 1391 1186 1480 attingere
1201 1394 1317 1480 castris,

393 1496 435 1561 Et
454 1507 586 1560 cunctas
599 1491 755 1560 revocare
769 1503 869 1577 rates,
890 1516 971 1577 quas
988 1497 1082 1560 avius
1095 1500 1248 1582 Hydrus,
1390 1514 1391 1591 l

391 1587 618 1681 Antiquusque
626 1599 748 1678 Taras,
767 1607 956 1678 secretaque
971 1598 1070 1660 litora
1083 1601 1230 1683 leucae,
1246 1603 1248 1608 ’

368 1781 372 1788 Ι
391 1701 481 1792 Quas
494 1701 611 1785 recipit
626 1698 780 1783 Salapina
796 1701 910 1782 palus,
932 1700 1112 1764 etsubdite
1124 1701 1222 1793 Sipus
1390 1702 1391 1791 l

390 1807 576 1872 Montibus:
594 1807 773 1870 Ausoniam
789 1827 854 1886 qua
871 1815 1027 1887 torquens
1044 1807 1182 1894 frugifer
1200 1827 1305 1890 oram,

389 1913 574 1979 Dalmatico
593 1919 733 1997 Boreae,
755 1915 960 1996 Calabroque
979 1913 1140 1978 obnoxius
1159 1916 1289 1997 Austro,
1315 1893 1317 1910 ’

388 2025 540 2108 Appulus
549 2024 704 2087 Adriacas
717 2021 784 2086 exit
795 2023 968 2108 Garganus
980 2019 1017 2085 in
1038 2023 1154 2085 undas.

387 2133 463 2216 Ipse
481 2130 562 2214 petit
582 2128 743 2212 trepidam
761 2134 848 2191 tutus
865 2123 937 2188 sine
952 2123 1058 2188 milite
1074 2126 1236 2208 Romam,
1257 2174 1263 2211 3
1279 2126 1336 2206 381¹

387 2236 459 2298 Iam
472 2235 603 2296 doctam
623 2229 745 2295 servire
756 2241 871 2317 togae:
888 2219 1080 2313 populoque
1099 2224 1247 2310 precanti
1390 2301 1391 2320 Χ

272 2321 275 2330 ’
387 2335 520 2404 Scilicet
533 2335 725 2422 indulgens,
744 2355 911 2400 summum
924 2333 1072 2397 Dictator
1086 2327 1251 2398 honorem
1390 2325 1391 2411 l

387 2443 552 2530 Contigit,
567 2452 600 2506 et
613 2443 714 2506 laetos
725 2442 816 2526 fecit,
837 2463 872 2506 se
887 2445 1045 2525 Consule,
1061 2443 1170 2508 fastos.

385 2551 535 2630 Namque
548 2568 782 2632 omnesvoces,
797 2571 857 2633 per
878 2569 959 2630 quas
971 2549 1039 2612 ianr
1059 2558 1206 2632 tempore
1221 2558 1306 2617 tanto

341 2701 344 2708 -
385 2655 565 2720 Mentimur
581 2654 751 2744 dominos,
766 2657 849 2720 haec
863 2657 1010 2740 primum
1026 2655 1150 2738 reperit
1163 2666 1267 2740 aetas,

354 2813 356 2818 .
384 2765 461 2848 Qua
475 2761 539 2825 sibi
557 2781 600 2824 ne
612 2760 691 2824 ferri
699 2759 754 2826 lus
768 2764 877 2826 ullum
893 2766 1012 2826 Caesar
1028 2765 1172 2846 abesset,

383 2868 546 2934 Ausonias
562 2867 670 2931 voluit
686 2867 807 2954 gladiis
821 2867 958 2932 miscere
975 2888 1116 2932 secures.

383 2974 518 3038 Addidit
528 2983 560 3037 et
572 2975 674 3039 fasces
691 2974 828 3058 aquilis,
847 2984 880 3038 et
893 2978 1016 3040 nomen
1028 2974 1130 3038 inane
1226 2977 1229 2981 ’

382 3079 519 3160 Imperii
532 3079 676 3162 rapiens,
694 3078 835 3166 signavit
847 3077 997 3164 tenipora
1013 3079 1115 3167 digna

381 3186 507 3246 Moesta
522 3193 608 3246 nota.
624 3186 708 3284 llam
722 3201 789 3264 quo
801 3183 918 3248 melius
936 3183 1141 3260 Pharsalicus
1161 3201 1268 3250 annus

321 3338 325 3349 .
382 3290 524 3354 Consule
539 3298 637 3352 notus
650 3289 732 3352 erit?
748 3288 857 3374 Fingit
872 3289 1045 3362 sollemnia
1063 3311 1217 3374 campus:

380 3391 421 3453 Et
436 3411 504 3454 non
522 3391 682 3455 admissae
700 3390 827 3454 dirimit
836 3388 994 3479 suffragia
1006 3392 1133 3476 plebis„

380 3498 602 3579 Decantatque
616 3491 736 3582 tribus,
752 3507 785 3563 et
798 3518 884 3562 vana
898 3508 1005 3564 versat
1018 3499 1054 3564 in
1067 3519 1161 3564 urna.

378 3605 446 3666 Nec
460 3605 588 3666 coelum
603 3605 835 3670 servarelicetr
857 3600 951 3669 tonat
965 3623 1091 3691 augure
1106 3607 1226 3688 surdo,

378 3701 419 3767 Et
435 3706 540 3768 laetae
555 3705 707 3769 iurantur
717 3726 809 3790 aves,
829 3708 963 3770 bubone
979 3704 1121 3768 sinistro.

377 3814 459 3878 Inde
469 3813 715 3898 putaminum
726 3817 895 3896 quondam
907 3815 1095 3882 tenuanda
1115 3818 1274 3898 musto,
1390 3774 1391 3805 ¹
