2790 4874
330 396 387 470 sn
587 391 1026 456 rnnnsnmnu
1119 391 1240 474 aso.

327 539 435 622 Quem
448 531 528 598 belli
541 533 673 596 fortuna
684 545 789 618 parat.
813 538 887 600 Non
904 535 1022 602 ultima
1039 537 1154 602 turbae

327 647 405 706 Pars
421 661 483 728 ego
494 643 681 723 Romanae,
696 643 811 729 Magni
823 643 1001 708 clarissima
1017 643 1143 726 prolem

326 750 389 812 Vel
402 746 557 812 dominus
573 767 702 830 rerum,
721 750 775 810 vel
798 748 879 814 tanti
896 749 1022 812 funeris
1036 751 1140 816 heres·

324 857 419 917 'Mens
435 850 544 914 dubiis
557 869 710 934 percussa
725 861 841 934 pavet,
863 873 1040 935 rursusque
1055 865 1170 938 parata
1181 862 1231 922 est

327 959 439 1022 Certos
456 956 541 1020 l'erre
556 966 671 1020 metus.
687 958 761 1020 Hoc
777 957 905 1022 casibus
918 957 1008 1042 eripe
1021 959 1120 1043 luris,

326 1058 376 1120 Ne
389 1053 489 1118 subiti
505 1053 658 1134 caecique
674 1064 793 1121 ruenti
808 1057 860 1120 vel
870 1056 1009 1122 numina
1021 1069 1153 1148 torque,

325 1165 389 1230 Vel
405 1174 439 1226 tu
450 1183 549 1248 parce
561 1161 659 1245 Deis,
674 1173 707 1226 et
719 1162 874 1228 Manibus
889 1166 1038 1250 exprime
1054 1167 1179 1232 rernm.

325 1270 453 1352 Elysias
467 1289 575 1334 resera
586 1272 703 1352 sedes,
715 1269 886 1353 ipsamque
900 1283 1068 1357 vocatam,

326 1381 417 1464 Quos
430 1386 518 1460 petat
529 1397 547 1438 e
560 1375 672 1458 nobis,
692 1379 832 1440 Mortem
844 1377 910 1442 tibi
925 1400 1006 1465 coge
1023 1380 1130 1444 fateri.

325 1483 400 1546 Non
412 1479 651 1546 bumilislabor
662 1490 725 1542 ests
742 1479 897 1566 dignum,
916 1485 1007 1564 quod
1017 1503 1175 1564 quaerere
1190 1505 1287 1552 eures

325 1589 388 1653 Vel
406 1585 484 1667 tibi,
500 1603 568 1666 quo
582 1584 664 1647 tanti
676 1587 917 1668 praeponderet
935 1588 1008 1652 alea
1025 1587 1096 1654 tati.

366 1693 474 1778 Impia
487 1683 626 1756 laetatur
638 1691 791 1778 vulgatae
808 1689 943 1756 confine
956 1692 1065 1758 lamae

325 1798 504 1878 Thessalis,
521 1807 553 1861 et
566 1807 698 1860 contra:
717 1795 752 1860 Si
767 1795 834 1858 lata
846 1795 976 1860 minora
993 1817 1159 1882 moveres,

324 1903 472 1968 Pronum
485 1909 567 1980 erat,
581 1897 753 1978 oiuvenis,
774 1915 856 1978 quos
868 1896 988 1978 velles,
1001 1895 1125 1981 inquit,
1142 1897 1179 1962 iu
1190 1905 1286 1964 actus

324 2006 448 2070 Invitos
463 2007 620 2088 praebere
629 2005 726 2068 Deos.
738 2001 937 2066 Conceditur
947 2002 1027 2085 arti,

325 2113 435 2174 Unam
446 2129 523 2172 cum
538 2107 639 2172 radiis
654 2116 840 2192 presserunt
856 2106 966 2170 sidera
981 2115 1135 2190 mortem,
1175 2138 1178 2141 ·
1223 2109 1283 2172 toa

325 2213 499 2278 Inseruisse
512 2191 637 2300 moras:
654 2220 700 2292 et,
715 2209 865 2291 quamvis
882 2199 995 2275 lecerit
1013 2209 1121 2274 omnis

230 2361 235 2366 -
324 2319 425 2381 Stella
436 2337 562 2398 senem,
581 2314 707 2379 medios
721 2314 832 2378 herbis
853 2313 1082 2398 abrumpimus
1100 2334 1222 2385 anno&
1280 2348 1285 2356 ·

326 2427 369 2488 At
381 2424 481 2488 simul
494 2423 631 2506 aprima
647 2421 813 2486 descendit
830 2419 959 2508 origine
974 2421 1092 2484 mundi

325 2533 507 2593 Causarum
521 2527 632 2610 series,
641 2540 748 2609 atque
761 2528 874 2592 omnia
890 2529 957 2594 lata
966 2529 1119 2593 laborant

327 2635 362 2698 ai
378 2635 558 2716 quidquam
571 2643 700 2696 mutare
718 2634 815 2715 velis,
829 2652 964 2714 unoque
977 2636 1039 2698 sub
1054 2633 1122 2698 ictu

325 2745 396 2808 Stat
407 2763 511 2830 genus
521 2745 720 2806 humanum:
737 2751 817 2805 tunc
832 2741 1002 2827 (¹1'hessala
1018 2746 1114 2807 turba
1124 2745 1286 2832 latemur)

327 2852 405 2914 Plus
418 2851 560 2912 Fortuna
573 2859 687 2932 potest.
702 2849 767 2910 Sed
778 2847 808 2911 si
825 2868 1040 2932 praenoscere
1054 2869 1145 2914 casus

327 2963 521 3039 Contentus,
540 2957 716 3037 facilesque
729 2955 836 3018 aditus
842 2987 856 3039 ‚·
871 2954 1032 3036 multique
1047 2958 1209 3040 patebunt

330 3067 382 3126 Ad
394 3083 527 3144 verum:
547 3063 639 3124 tellus
656 3045 769 3142 nobis',
781 3063 976 3142 ¹aetberque,
997 3062 1181 3143 cbaosqm,

241 3234 243 3244 ,
328 3172 607 3262 Aequoraque,et
615 3167 740 3250 campi,
753 3169 1286 3250 Rhodopenquesaxaloquentur.
1390 3235 1391 3240 ,

328 3278 394 3344 Sed
407 3293 565 3358 pronum,
578 3295 655 3338 cum
667 3285 755 3338 tanta
771 3294 877 3338 novae
895 3274 935 3340 sit
945 3275 1039 3359 copia
1050 3277 1182 3361 mortis,

328 3380 487 3449 Emathiis
500 3399 604 3442 unum
618 3379 741 3462 campis
760 3381 908 3443 attollere
930 3401 1080 3464 corpus„

329 3491 374 3550 Ut
386 3490 486 3550 modo
501 3487 665 3567 defuncti,
683 3483 850 3570 tepidique
869 3489 1035 3553 cadaveris
1046 3507 1114 3552 ora

327 3593 430 3656 Plena
445 3611 529 3653 voce
539 3603 672 3656 sonent:
692 3614 735 3656 ne
749 3594 904 3658 membris
922 3596 990 3658 sole
1008 3593 1163 3676 perustiS,

329 3693 471 3758 Auribus
484 3693 646 3758 incertum
659 3697 770 3761 feralis
782 3699 918 3762 strideat
931 3704 1058 3764 umbra.
1176 3752 1188 3778 ,

371 3798 525 3862 Dixerat:
542 3809 575 3862 et
590 3801 696 3866 noctis
712 3802 884 3888 geminatis
898 3814 968 3870 arte
985 3803 1144 3888 tenebris,
