2790 4874
317 361 415 458 'iro
488 439 491 454 .
616 385 1057 454 antestatus
1149 339 1273 453 r.⁴a3d.
1345 470 1347 484 Ι

352 534 513 602 Victrices
527 533 654 618 aquilas
671 535 775 598 aliurn
791 537 917 602 lamrus
930 537 966 602 in
983 539 1120 612 orbetur

353 627 447 708 Cuni'
454 659 558 726 prope
571 642 715 706 fatorum
730 652 837 706 tantos
850 663 910 725 per
921 663 1080 727 prospera
1093 661 1208 708 cursus

351 745 508 809 Avertere
519 745 591 810 Dei.
612 747 713 809 Nullo
728 768 807 810 nam
818 751 924 811 Marte
941 750 1096 812 subactus

350 851 441 914 lutra
458 861 639 916 castrorum
653 851 763 915 timuit
777 854 917 916 tentoria
930 855 1048 916 ductor

349 959 490 1022 Perdere
503 979 669 1024 successus
684 964 863 1040 seelerum3
883 983 959 1027 eum
974 981 1081 1046 paene
1093 963 1212 1028 fideles

351 1067 414 1127 Per
428 1073 475 1128 tot
490 1067 579 1129 bella
594 1085 712 1129 manus
727 1065 861 1128 satiatae
878 1063 1042 1151 sanguine
1054 1065 1189 1148 tandein

349 1171 535 1234 Destituere
549 1175 685 1235 ducem:
700 1191 757 1234 seu
773 1181 900 1234 moeno
916 1169 1052 1234 classica
1068 1159 1209 1252 paulurn

349 1279 537 1343 Intermissa
549 1297 648 1361 sono,
659 1281 868 1360 claususque,
881 1287 914 1342 et
929 1275 1069 1362 frigidus
1086 1277 1188 1359 ensis,

349 1387 527 1470 Expulerat
545 1383 626 1448 belli
643 1383 850 1464 inritamen,
865 1383 1013 1465 praemia
1025 1382 1123 1446 miles

348 1491 437 1552 Dum
451 1489 577 1552 maiora
593 1485 689 1570 petit,
700 1489 1048 1566 damnatoauramque
1059 1488 1261 1570 ducemque,

349 1595 390 1654 Et
403 1583 526 1655 scelere
541 1591 684 1654 imbutos
699 1591 799 1654 etiam
814 1611 906 1654 nune
921 1590 1069 1652 venditat
1085 1573 1187 1654 enses.

236 1707 240 1726 ¹
348 1701 449 1764 Haud
460 1699 565 1786 magis
574 1709 727 1782 expertus
737 1684 928 1774 discrimine
938 1700 1056 1767 Caesar
1072 1698 1108 1760 in
1120 1699 1191 1761 ullo
1206 1707 1269 1780 est,

231 1857 233 1868 .
350 1805 460 1890 Quam
476 1823 543 1866 nou
557 1823 576 1865 e
591 1803 717 1885 stabili,
733 1805 875 1866 tremulo
893 1803 950 1866 sed
964 1801 1109 1866 culmine
1121 1811 1243 1872 crrncta

250 1939 254 1959 t
348 1906 556 1990 Despiceret,
571 1916 738 1988 staretque
753 1929 852 1990 super
867 1905 1042 1968 titubantia
1060 1905 1170 1976 fultus·

347 2015 412 2076 Tot
427 2013 528 2098 raptis
546 2023 682 2076 truncus
696 2013 866 2092 manibus,
881 2011 1061 2097 gladioque
1075 2009 1210 2074 relictus

348 2126 457 2187 Paene
476 2142 554 2201 suo,
569 2121 627 2202 qui
648 2132 695 2182 tot
711 2130 824 2206 gentes
838 2119 874 2182 in
888 2121 979 2181 bella
995 2121 1159 2200 trahebat,
1209 2159 1222 2168 ··
1248 2117 1300 2182 sta

317 2281 320 2288 ,
346 2227 414 2291 scit
430 2244 499 2288 non
516 2245 584 2287 esse
601 2224 694 2288 ducis
711 2203 857 2304 strictos,
871 2225 929 2286 sed
944 2223 1074 2305 militis,
1090 2243 1193 2288 enses
1380 2299 1381 2302 Ἴ

347 2333 421 2396 Non
437 2329 596 2414 pavidum
606 2329 673 2392 iarn
691 2340 943 2411 murmuraret,
960 2351 1020 2393 neo
1033 2340 1168 2413 pectore
1179 2337 1265 2394 teoto
1315 2392 1318 2398 ,
1380 2381 1381 2386 ,

287 2436 288 2439 '
346 2429 400 2502 Ira
413 2441 534 2502 latens:
552 2459 630 2500 nam
647 2457 732 2520 quae
745 2437 864 2502 dubias
876 2439 1100 2525 constringere
1112 2449 1241 2504 suentes

347 2547 452 2608 Causa
458 2545 559 2624 solet,¹
568 2543 648 2605 dum
658 2539 796 2624 quisque
807 2553 914 2626 pavet,
924 2543 1044 2625 quibus
1051 2547 1122 2637 ipse
1132 2541 1301 2624 timoriest,

345 2647 451 2726 Seque
469 2651 563 2727 putat
577 2645 685 2718 solum
700 2662 879 2728 regnorum
887 2645 1014 2708 iniusta
1026 2646 1174 2734 gravari,

345 2751 445 2814 Haud
459 2748 587 2811 retinet.
605 2749 739 2840 Quippe
756 2749 828 2832 ipsa
845 2760 951 2813 metus
970 2754 1153 2828 exsolueret
1167 2756 1276 2819 audax

345 2857 459 2920 Turba
474 2873 559 2920 suos
569 2855 743 2941 Quidquid
753 2857 865 2920 multis
875 2869 1047 2941 peccatur,
1059 2859 1204 2924 inultum
1217 2868 1272 2924 est.

249 3031 251 3036 .
344 2969 499 3036 Effudere
513 2969 640 3034 minas:
659 2969 770 3032 liceat
784 2969 967 3052 discedere,
986 2973 1120 3053 Caesar,

345 3079 374 3140 A
389 3076 481 3138 rabie
495 3077 666 3139 scelerum.
680 3075 820 3160 Quaeris
837 3085 990 3156 terraque
1003 3079 1153 3159 marique

344 3179 406 3242 His
423 3179 548 3241 ferrum
563 3168 700 3265 iugulis,
717 3177 1099 3261 animasqueseffundere
1115 3183 1198 3250 viles

344 3280 503 3367 Quolibet
518 3283 611 3344 hoste
625 3303 742 3365 paras:
757 3294 886 3366 partem
903 3286 963 3348 tihi
977 3287 1086 3354 Gallia
1100 3289 1206 3354 nostri
1302 3297 1305 3306 '

344 3389 639 3472 Eripuit:·partem
657 3388 749 3452 duris
761 3389 922 3473 Hispania
940 3391 1055 3456 bellis:
1124 3415 1132 3428 ’
1175 3411 1179 3419 ·

343 3497 422 3558 Pars
443 3495 527 3558 iacet
537 3496 717 3580 Hesperia:
735 3506 870 3578 totoque
880 3497 1039 3562 exercitus
1055 3501 1137 3564 orbe

343 3599 391 3662 Te
408 3597 561 3666 vincente
580 3599 676 3682 perit.
694 3601 804 3664 Terris
819 3602 942 3678 fudisse
957 3593 1107 3667 eruorenr
1246 3687 1248 3692 ,

344 3703 435 3787 Quid
447 3704 546 3766 iuvat
556 3705 697 3787 Aretois,
708 3707 872 3769 Rhodano
885 3711 1070 3789 Rhenoque
1083 3708 1250 3776 subactis?

342 3807 406 3872 Tot
418 3807 503 3872 mihi
520 3827 583 3892 pro
596 3809 692 3874 bellis
705 3811 832 3876 bellurn
846 3813 946 3877 civile
959 3813 1088 3902 dedisti.
1116 3863 1118 3868 .
