2790 4874
296 336 301 346 Ἰ
377 359 662 440 [ΙΒΕΒῪ.
702 340 825 454 in717.
1009 387 1064 448 125

110 502 195 564 Cum
208 499 373 587 primum,
386 507 545 572 redeunte
563 509 637 594 die,
654 511 832 580 violentior
847 521 904 583 ailr

107 611 280 696 Puppibus
293 613 463 699 lambuit,
480 621 633 684 Phoebeo
648 623 795 689 concitus
810 637 903 711 ortu,
993 683 999 696 .

106 721 319 784 Praetereunt
331 722 452 786 fmstra
466 728 579 791 tentati
596 729 694 792 litora
706 731 806 816 Lissi,

105 829 404 915 Nymphaeumque
416 845 540 903 tenent:
555 843 659 905 nudas
665 843 885 926 Aquilonibus
896 852 1003 918 undas

15 963 17 1030 j
104 940 288 1006 Succedens
303 947 425 1015 Boreae
438 947 507 1010 iam
522 957 655 1031 portum
670 953 792 1016 lecerat
808 959 933 1022 Auster.

142 1053 299 1134 Undique
310 1055 444 1144 ,collatis
457 1057 493 1122 in
511 1061 615 1123 robur
631 1063 778 1128 Caesaris
790 1067 905 1151 ermis,

104 1158 240 1222 Summa
251 1161 368 1230 videns
384 1165 459 1228 duri
477 1169 618 1254 Magnus
632 1165 821 1236 discrimina
834 1177 949 1242 Martis

104 1271 173 1334 lam
190 1275 303 1349 castris
317 1277 439 1341 instare
453 1277 538 1343 suis:
552 1301 709 1363 seponere
725 1295 830 1348 tutum

104 1380 258 1468 Coniugii
270 1386 414 1448 decrevit
426 1407 525 1470 onus,
537 1390 708 1471 Lesboque
722 1403 884 1455 remotam

15 1519 17 1526 ·
104 1486 147 1548 Te
158 1491 310 1569 procula
327 1491 417 1554 saevi
430 1491 585 1576 strepitu,
597 1493 764 1578 Cornelia,
781 1496 863 1560 belli
976 1479 987 1494 ’

16 1617 17 1658 ;
105 1599 269 1664 Occulere.
282 1605 355 1666 Heu
366 1613 526 1684 quantum
537 1615 661 1668 mentes
671 1605 860 1678 dominatur
869 1607 905 1671 in
913 1579 1034 1691 aequas

15 1787 16 1793 ἵ
102 1705 477 1794 IustaVenusldubium,
490 1710 719 1793 trepidumque
728 1714 771 1774 ad
780 1713 1051 1805 proeliqMagne‚

16 1805 19 1866 s·
102 1817 145 1878 Te
156 1839 289 1900 quoque
299 1821 496 1884 fecitamor:
510 1823 600 1902 quod
611 1823 716 1885 nolles
727 1834 811 1886 stare
823 1825 885 1888 sub
904 1825 972 1891 ietu

15 1910 17 1987 ἶ
101 1917 274 2010 Fortunae,
288 1949 354 2010 quo
368 1932 511 1993 mundus
527 1940 612 2011 erat,
626 1933 840 2013 Romanaque
857 1925 939 2016 lete,

101 2031 226 2096 Coniux
238 2035 308 2096 sola
323 2033 396 2096 luit.
413 2037 557 2097 Mentem
574 2034 642 2096 iam
654 2038 755 2098 verba
771 2047 919 2118 paratam
992 2042 1048 2120 731

15 2133 16 2156 ³
100 2141 296 2226 Restituunt,
311 2146 518 2226 blandaeque
531 2145 622 2208 iuvat
637 2155 777 2210 ventura
794 2149 978 2214 trahentem
1076 2227 1081 2238 .

99 2251 271 2339 Indulgere
284 2271 411 2336 morae,
424 2264 455 2317 et
472 2265 599 2337 tempus
612 2256 794 2319 subducere
810 2257 893 2322 fatis.

16 2397 17 2400 =
100 2359 194 2424 Nocte
207 2363 268 2425 suh
281 2371 441 2442 extrema,
457 2363 553 2444 pulso
567 2371 699 2444 torpore
716 2362 853 2446 quietis,

97 2471 179 2536 Dum
195 2477 284 2538 fovet
298 2475 451 2556 amplexu
465 2473 640 2558 gravidum
653 2474 811 2536 Cornelia·
823 2475 910 2540 curis
981 2503 985 2514 *

98 2576 223 2666 Pectus,
240 2593 272 2645 et
287 2582 393 2647 aversi
411 2581 493 2664 petit
506 2583 618 2644 oscula
632 2589 727 2666 grata
742 2581 873 2658 mariti3

16 2743 17 2764 ,
97 2689 273 2754 Humentes
287 2691 405 2753 mirata
417 2709 532 2776 genas,
547 2709 765 2773 percussaque
775 2709 872 2753 caeco
983 2711 1015 2748 ,·

97 2794 252 2884 Vulnere,
268 2815 336 2861 non
349 2800 448 2861 audet
462 2801 594 2860 flentem
604 2797 806 2880 deprendere
816 2801 985 2883 Magnum.

96 2899 150 2965 Ille
158 2891 306 2991 gemens,
317 2903 394 2970 Vita
404 2923 471 2966 non
482 2925 570 2967 nunc
579 2903 662 2964 mihi
671 2902 816 2984 dulcior,
828 2903 951 2986 inquit,

96 3009 173 3072 Cum
190 3014 299 3074 taedet
309 3011 414 3094 vitae,
428 3012 514 3073 laeto
526 3009 584 3073 sed
599 3018 765 3092 tempore,
785 3009 923 3094 coniux,
1008 3074 1012 3090 ,

95 3117 188 3185 Venit
197 3129 321 3184 moesta
330 3121 413 3204 dies,
425 3131 457 3183 et
472 3140 572 3202 quam
586 3117 808 3200 nimiumque,
818 3139 1006 3202 parumque

15 3297 16 3305 ,
94 3225 297 3294 Distulimus:
310 3229 377 3291 iam
386 3238 472 3292 totus
485 3229 575 3290 adest
588 3225 623 3288 in
637 3225 765 3310 proelia
781 3227 908 3290 Caesar.
978 3279 983 3286 .

15 3313 17 3394 ἶ
94 3320 278 3398 Cedendum
288 3345 335 3398 est
349 3334 463 3398 bellis:
480 3353 622 3416 quorum
636 3329 699 3395 tibi
716 3341 786 3395 tuta
802 3333 928 3394 latebre

92 3437 205 3506 Lesbos
222 3441 295 3505 erit.
305 3441 429 3504 Desiste
441 3460 554 3524 preces
573 3447 715 3501 tentare:
736 3435 855 3522 negavi
906 3427 908 3430 ⁵

92 3541 155 3608 Iam
172 3547 274 3610 mihi:
289 3567 358 3610 non
371 3549 487 3631 longos
502 3564 521 3606 a
535 3567 589 3606 me
606 3541 732 3631 patiere
748 3559 902 3604 recessus.

92 3649 280 3737 Praecipites
295 3657 434 3716 aderunt
448 3671 557 3714 casus:
575 3655 771 3734 properante
785 3647 900 3729 ruina,

91 3753 217 3822 Summa
233 3761 364 3823 cadunt.
381 3757 462 3822 Satis
475 3766 523 3821 est
536 3756 664 3843 audisse
676 3757 824 3840 pericula
833 3752 956 3842 Magni.
983 3779 988 3795 s
